2640 4052
441 245 668 305 FRAGMENTA
688 251 802 304 14-16.
941 301 946 312 ,
1086 245 1130 312 25

113 396 255 460 πιτυλίον
276 419 307 460 τε
327 396 378 462 καλ
400 392 440 461 δι’
466 392 577 481 ιἰγορδς
599 392 719 478 ίίγοντις
737 394 787 459 ίπλ
808 391 862 470 τὸν
878 393 971 480 μίγαν
989 390 1131 478 ίιιινόδρο-
1247 389 1251 400 ’

114 509 184 574 μον·
212 489 340 578 ήγούντο
363 493 397 558 δδ
418 499 470 578 τῆς
492 497 613 576 πομπῆς
635 497 754 576 πρῶτον
777 490 832 574 μὲν
854 494 886 558 οί
904 495 1008 570 παῖδες
1030 489 1130 558 αύτῶν

114 592 147 656 οί
165 588 317 675 πρόσηβοί
335 616 365 656 τε
387 592 438 656 καί
460 596 513 658 τού
539 587 704 674 πομπεύειν
730 591 844 674 ἔχοντες
870 588 1003 674 ήλικίαν,
1030 593 1130 669 ἱππεῖς

115 686 170 770 μίν
192 679 237 754 ῶν
259 691 290 756 οί
308 689 430 774 πατίρις
446 685 591 773 τιμήματα
612 687 728 754 ἱππίων
750 683 840 773 είχον,
861 690 944 766 πεζοί
962 687 996 753 δδ
1017 691 1049 756 οί
1064 689 1130 771 μίλ-

114 793 214 864 λοντες
235 787 270 852 ίν
290 795 352 864 τοῖς
373 789 472 865 πεζοῖς
494 783 716 871 στρατεύεσθαι·
740 788 771 852 οῖ
790 785 845 870 μίν
862 784 926 852 κατῗ
946 789 1012 865 ίλας
1032 811 1063 851 τε
1080 787 1157 852 καλε

114 881 189 950 κατδι
211 881 331 970 λόχους,
358 887 390 951 οί
414 885 449 951 δλ
474 881 548 950 κατδι
576 887 740 968 συμμορίας
761 907 791 948 τε
813 885 863 949 καί
884 881 994 966 τόξεις,
1022 881 1063 963 ῶς
1089 887 1131 961 είς

115 983 323 1048 διδασκαλεῖον
344 979 551 1066 πορευόμενοι,
574 985 624 1047 ῖνα
646 979 763 1067 φανερὰ
784 987 896 1068 γίνοιτο
918 989 980 1060 τοῖς
997 979 1128 1066 ξίνοιςή
1221 989 1225 996 “

115 1079 261 1161 μίλλουσα
278 1076 466 1162 ιἰνδρούσθαι
482 1085 535 1163 τής
552 1076 667 1158 πόλεως
684 1077 763 1164 αἰκμή
782 1078 900 1164 πλήθός
918 1107 948 1147 τε
959 1082 1011 1146 καλ
1023 1077 1131 1159 κόλλος

116 1179 166 1242 οῖα
186 1203 230 1256 τις
257 1169 304 1261 ἦν.
349 1175 463 1256 τούτοις
489 1174 683 1262 ἠκολούθουν
708 1176 825 1264 ήνίοχοι
850 1176 999 1264 τῖθριππό
1024 1203 1055 1244 τε
1080 1179 1131 1243 καί

116 1278 283 1360 συνωρίδας
305 1277 356 1342 καί
376 1273 446 1354 τούς
468 1272 629 1354 ἀζεύκτους
649 1278 760 1355 ῖππους
777 1275 963 1356 ἐλαύνοντες·
986 1273 1055 1360 μεθ’
1077 1273 1131 1353 ούς
1145 1297 1172 1340 ιο

116 1378 149 1442 οῖ
158 1379 218 1441 τῶν
235 1372 418 1458 ιἰθλημοίτοιν
430 1371 589 1460 όγοινισταί
606 1379 667 1438 τῶν
679 1399 709 1440 τι
727 1373 854 1458 κούφαν
867 1375 918 1440 καί
931 1380 990 1440 τῶν
1004 1373 1130 1458 βαρίοιν,

115 1469 148 1540 τδ
166 1471 221 1556 μίν
238 1470 309 1538 ἄλλο
327 1477 411 1555 σῶμα
429 1473 547 1557 γυμνοί,
563 1469 596 1536 τὸ
610 1471 645 1536 δδ
661 1473 729 1555 περί
747 1469 802 1555 τήν
820 1475 895 1539 αίδῶ
908 1469 1131 1556 καλυπτόμενοι.

116 1605 161 1618 -·-
182 1566 376 1653 ἠκολούθουν
398 1569 432 1634 δδ
453 1578 515 1647 τοῖς
538 1566 713 1655 όγοινιοταῖς
740 1567 892 1655 ὀρχηστύν
919 1572 1001 1656 χοροί
1028 1571 1132 1638 πολλοί

116 1674 198 1754 τριχῇ
211 1667 414 1750 νινεμήμίνοι,
432 1672 543 1750 πρῶτοι
561 1666 616 1750 μίν
632 1665 762 1753 ἀνδρῶν,
780 1665 912 1752 δεύτεροι
930 1668 963 1734 δδ
981 1666 1131 1754 ιἰγενείοον,

116 1771 275 1832 τελευταῖοι
298 1765 331 1831 δὲ
348 1767 477 1847 παίδων,
498 1761 543 1843 οίς
560 1765 816 1851 παρηκολούθουν
834 1765 959 1850 αύληταί
978 1791 1008 1832 τε
1030 1763 1131 1851 αἰρχαῖ-
1146 1785 1171 1828 ιο

117 1871 181 1941 κοῖς
203 1865 391 1948 ἐμφυσῶντες
409 1861 559 1942 αύλίσκοις
577 1865 724 1949 βραχέσιν,
748 1861 788 1944 ῶς
809 1866 860 1930 καλ
878 1868 919 1943 είς
936 1860 1005 1932 τόδε
1022 1862 1132 1950 χρόνον

116 1965 240 2046 γίνεται,
267 1962 318 2027 καί
339 1963 507 2046 κιθαρισταί
529 1959 620 2048 λύρας
642 1961 842 2047 ἑπταχόρδους
869 1964 1060 2045 ἐλεφαντίνας
1082 1963 1132 2027 καί

117 2056 152 2124 τδι
170 2057 339 2144 καλούμενα
358 2056 484 2144 βόρβιτα
501 2060 663 2145 κρέκοντες.
676 2093 720 2108 -·
734 2061 836 2126 σκευαί
856 2060 889 2126 δδ
906 2065 965 2126 τῶν
983 2058 1133 2144 ὀρχηστῶν

116 2148 194 2240 ἦσαν
222 2163 340 2242 χιτῶνες
367 2160 515 2241 φοινίκεοι
541 2161 683 2243 ξυστῆρσι
717 2159 849 2243 χαλκίοις
879 2159 1051 2244 ίσφιγμίνοι
1082 2157 1133 2222 καί

117 2258 189 2338 ξίφη
207 2255 417 2340 παρηρτημίνα
443 2255 494 2321 καί
516 2253 618 2340 λόγχαι
635 2255 809 2341 βραχύτεραι
826 2262 885 2322 τῶν
908 2260 1044 2340 μετρίαν·
1071 2263 1133 2332 τοῖς
1146 2275 1172 2318 νο

117 2353 151 2418 δδ
173 2350 302 2436 ιἰνδρόσι
323 2353 374 2418 καί
391 2351 487 2438 κρόνη
506 2351 614 2436 χόλκεα
630 2351 736 2436 λόφοις
754 2351 909 2438 ίπισήμοις
930 2354 1134 2438 κεκοσμήμίνα

117 2452 168 2516 καί
189 2458 314 2536 πτεροῖς.
359 2447 457 2537 ήγεῖτο
485 2451 518 2517 δδ
543 2447 617 2515 καθ’
643 2451 766 2518 δκαστον
792 2449 883 2537 χορόν
910 2449 952 2529 είς
979 2447 1071 2535 ἀνήρ,
1098 2447 1132 2528 ’δς

116 2549 253 2614 ἐνεδίδου
284 2555 346 2626 τοῖς
376 2547 475 2626 ἄλλοις
505 2546 541 2615 τδι
576 2556 629 2633 τῆς
664 2546 813 2634 δρχήσεοος
844 2546 976 2634 σχήματα
1007 2555 1132 2634 πρῶτος,

11 2735 14 2740 Ι
117 2649 287 2730 εἰδοφορῶν
312 2643 365 2723 τδις
390 2643 551 2728 πολεμικός
577 2648 627 2712 καί
654 2645 817 2724 συντόνους
847 2644 978 2731 κινήσεις
1007 2647 1042 2712 ἐν
1072 2653 1134 2724 τοῖς

117 2751 410 2828 προκελευσματικοῖς
433 2740 473 2821 ῶς
495 2740 530 2810 τδι
553 2741 646 2812 πολλὰ
669 2748 809 2830 βυθμοῖς.
827 2779 868 2792 -
892 2742 962 2828 μετὰ
984 2741 1042 2830 γὰρ
1062 2739 1132 2820 τούς
1146 2765 1172 2808 εε

117 2843 275 2918 ἐνοπλίους
291 2838 404 2924 χορούς
431 2843 463 2906 οί
481 2846 542 2906 τῶν
568 2849 749 2926 σατυριστῶν
771 2841 942 2926 ἐπόμπευον
964 2842 1056 2926 χοροί,
1079 2838 1133 2924 τήν

114 2936 293 3023 Ἑλληνικήν
315 2941 544 3022 είδοφορούντες
567 2942 702 3005 σίκιννιν.
739 2940 841 3006 σιιτυαλ
869 2937 898 3005 δ’
924 2937 1024 3018 αύτοῖς
1045 2931 1132 3022 ἦσαν,

118 3043 180 3113 τοῖς
198 3035 253 3120 μίν
271 3039 314 3118 είς
331 3033 481 3119 Σιληνούς
500 3039 661 3104 τίκασθεῖσι
680 3038 824 3121 μαλλωτολ
841 3042 969 3121 χιτῶνες,
987 3032 1042 3116 ούς
1059 3037 1134 3103 ῖνιοι

119 3136 274 3218 χορταίους
296 3139 429 3217 καλοῦσι,
452 3135 501 3199 καί
523 3133 698 3220 περιβόλαια
720 3136 753 3200 ἐκ
775 3131 885 3212 παντδς
907 3132 1037 3213 ῶνθους·
1072 3142 1134 3212 τοῖς

119 3231 152 3296 δὲ
167 3233 210 3309 είς
223 3228 379 3316 Σατύρους
396 3229 580 3315 περιζῶματα
597 3235 648 3300 καί
668 3235 753 3318 δοραί
770 3229 887 3318 τρόγαν
900 3233 950 3298 καί
964 3225 1134 3318 ὀρθότριχες
1147 3253 1174 3296 ιο

119 3327 167 3394 ἐπί
188 3337 253 3406 ταῖς
274 3336 419 3411 κεφαλαῖς
436 3327 533 3412 φόβαι
554 3332 605 3396 καί
627 3329 684 3398 όσα
705 3328 821 3408 τούτοις
842 3328 939 3413 ὅμοια.
969 3322 1051 3397 οὗτοι
1068 3356 1134 3396 κατ·

120 3422 271 3492 ίσκοιπτόν
284 3449 314 3490 τε
331 3427 381 3491 καί
399 3433 610 3510 κατεμιμοῦντο
628 3427 681 3506 τδις
699 3431 864 3507 σπουδαίας
881 3425 1011 3512 κινήσεις
1033 3429 1082 3494 ίπί
1098 3426 1133 3493 τολ

118 3520 283 3608 γελοιότερα
306 3525 524 3610 μιταφδρονιες.
547 3525 694 3609 <δηλοῶσι
717 3525 750 3592 δδ
767 3527 817 3592 καί
840 3527 874 3592 αλ
892 3531 952 3591 τῶν
973 3523 1134 3609 θριόμβοιν

118 3623 231 3688 εῖσοδοι
248 3618 380 3688 παλαιδιν
396 3623 448 3688 καί
466 3621 624 3708 ίπιχῶριου
642 3617 736 3691 οὖσαν
748 3620 904 3708 Ῥωμαίοις
921 3620 977 3705 τήν
994 3621 1134 3706 κέρτομον
