2670 4058
497 194 726 253 TESTIMONIA
747 203 824 254 1—6.
1104 199 1169 265 119

153 347 340 410 ueniundum
358 344 518 408 Adherbali
541 353 571 407 et
590 343 769 426 Hiempsalis
792 354 918 409 mortem
942 367 1049 410 seuere
1072 351 1169 413 niudi-

153 437 277 500 candam
287 434 463 516 censebant3
474 434 527 496 sed
538 453 574 496 er
584 435 723 496 omuibus
733 454 870 498 maxume
879 436 1022 500 Aemilius
1029 437 1169 522 Scaurus,

152 525 240 588 bomo
260 524 411 604 nobilis,'
402 526 537 608 mpiger,
555 523 711 605 factiosus,
731 524 838 587 auidus
855 529 1019 608 potentiae,
1037 528 1169 612 honoris,

154 613 336 695 diuitiarum,
360 622 495 704 ceterum
517 615 591 674 uitia
615 631 668 674 sua
691 612 796 675 callide
819 614 981 678 occultans.

1 759 3 771 .
116 705 153 775 2.
180 713 274 776 Tacit
288 713 394 788 Apric.
413 731 440 774 c.
453 713 473 771 1
497 710 555 772 Sed
575 711 653 814 apud
667 712 784 790 priores
798 718 833 773 ut
846 730 934 791 agere
953 713 1041 792 digna
1060 733 1169 776 memo·
1183 736 1196 778 s

151 809 200 863 rat
200 821 220 862 u
248 819 377 905 pronum
405 802 558 880 magisque
586 801 618 860 iu
646 808 750 879 aperto
778 808 855 881 crat,
887 802 927 862 ita
956 801 1170 865 celeberrimus

153 893 280 971 quIsque
294 890 414 969 ingenio
429 888 465 950 ad
475 888 659 969 prodendam
673 891 796 950 uirtutis
809 892 983 951 memoriam
997 892 1061 953 siue
1076 895 1170 971 gratia

152 989 204 1043 aut
227 978 388 1040 ambitione
411 977 506 1040 bonae
524 984 641 1040 tantum
660 980 860 1040 conscientiae
879 980 976 1059 pretio
995 980 1170 1044 ducebatur.

152 1087 187 1132 ac
200 1068 336 1150 plerique
354 1086 438 1129 suam
457 1069 515 1147 ipsi
529 1069 621 1130 uitam
641 1085 763 1129 narrare
777 1067 916 1129 fiduciam
934 1071 1034 1149 potius
1052 1088 1171 1132 morum

152 1176 243 1239 quam
266 1158 469 1237 adrogantiam
491 1156 628 1218 arbitrati
650 1163 729 1237 sunt,
749 1174 806 1218 nec
824 1157 856 1217 id
873 1155 986 1218 Rutilio
1006 1166 1038 1220 et
1057 1158 1210 1222 Scaurum

150 1250 229 1310 citra
247 1246 336 1308 fidem
355 1254 406 1308 aut
425 1245 635 1308 obtrectationi
654 1245 724 1306 luit:
742 1246 816 1308 adeo
835 1246 964 1308 uirtutes
983 1248 1078 1308 isdem
1097 1256 1170 1309 tem-

153 1336 278 1418 poribus
301 1338 413 1416 optime
437 1337 641 1416 aestimantur,
664 1334 774 1414 quibus
798 1334 937 1397 facillime
960 1338 1132 1416 gignuntur.

114 1429 152 1496 3.
180 1436 242 1498 Cic.
264 1433 497 1508 eructant
524 1432 620 1495 Huius
645 1429 788 1510 [Scauri]
817 1440 847 1494 et
875 1433 1024 1494 orationes
1048 1442 1171 1496 suntet

152 1532 215 1586 tres
238 1524 275 1584 ad
294 1522 326 1583 L.
346 1522 495 1584 Fufidium
517 1522 587 1583 libri
606 1523 710 1602 sculpti
734 1521 770 1582 de
794 1523 857 1582 uita
878 1523 982 1602 ipsius,
1001 1520 1080 1584 lectu
1099 1541 1169 1584 sane

152 1612 250 1692 utiles,
265 1630 340 1691 quos
360 1629 446 1672 nemo
466 1611 551 1691 legit3
570 1617 600 1672 at
614 1611 683 1690 Cyri
701 1613 795 1672 uitam
809 1618 840 1671 et
853 1609 1040 1690 disciplinam
1058 1610 1170 1694 legunt,
1184 1634 1211 1676 ιι

151 1701 336 1782 praeclaram
362 1699 442 1762 illam
470 1699 604 1782 quidem,
633 1699 685 1760 sed
714 1717 811 1778 neque
843 1707 903 1762 tam
935 1702 1047 1761 nostris
1080 1700 1171 1763 rebus

152 1799 252 1870 aptam
275 1807 332 1850 uec
354 1797 454 1851 tamen
478 1788 584 1850 Scauri
606 1787 745 1850 laudibus
768 1788 1013 1867 anteponendam.
1041 1790 1093 1865 35,
1108 1789 1171 1852 132

153 1882 205 1959 qui
227 1878 305 1939 liber
321 1877 408 1956 [uite
426 1881 459 1952 Q.
478 1875 591 1955 Catuli]
614 1875 708 1938 nihilo
731 1878 830 1938 notior
852 1886 898 1939 est
922 1896 1011 1958 quam
1034 1877 1077 1939 illi
1099 1887 1171 1961 tres,

153 1968 190 2030 de
215 1967 324 2048 quibus
347 1973 415 2028 ante
439 1967 509 2049 dixi,
534 1965 639 2028 Scauri
662 1965 740 2027 libri.
769 1968 832 2028 uid.
849 1966 891 2042 fr.
906 1967 934 2027 1.

114 2061 152 2129 4.
176 2068 255 2128 Ptin
274 2066 429 2127 XXXIII
452 2065 493 2125 21
525 2063 632 2143 thote
660 2082 728 2126 cum
761 2066 903 2126 memoria
931 2082 1057 2126 auorum
1086 2065 1172 2127 multi
1185 2089 1212 2129 so

153 2162 294 2236 praetura
309 2173 428 2235 quoque
443 2153 566 2214 Iuncti'
557 2172 589 2214 1n
608 2152 705 2214 ferreo
721 2151 842 2232 [acuto]
857 2155 1079 2235 consenuerint,
1093 2157 1172 2216 sicut

154 2243 349 2324 Calpurnium
373 2251 402 2304 et
425 2242 645 2304 blaniIIum-
668 2241 834 2302 Fenestella
862 2243 952 2304 tradit
976 2250 1006 2304 et
1028 2243 1116 2305 multi
1139 2243 1171 2305 L

153 2332 303 2396 Fufidium
325 2331 424 2413 illum,
447 2331 484 2393 ad
507 2350 598 2412 quern
620 2311 752 2393 Scaurus
774 2330 812 2391 de
835 2333 900 2392 uita
921 2350 975 2393 sua
998 2334 1128 2413 scripsit.

116 2417 153 2486 ὅ.
180 2425 243 2485 (Ite.
261 2423 347 2484 Brut.
366 2420 501 2497 29,110
537 2419 580 2481 De
604 2420 716 2482 Scauro
744 2428 774 2482 et
801 2418 912 2481 Rutilio
941 2419 1075 2482 breuiter
1102 2421 1173 2484 licet

153 2513 268 2590 dicere,
292 2528 420 2591 quorum
444 2517 551 2571 neuter
574 2512 683 2570 summi
706 2510 834 2570 oratoris
861 2507 965 2570 habuit
987 2509 1118 2591 laudem,
1142 2517 1172 2572 et
1186 2531 1212 2573 as

156 2609 283 2680 uterque
307 2602 339 2661 in
362 2599 465 2661 multis
488 2599 587 2661 causis
611 2606 749 2659 uersatus
769 2605 841 2678 erat,
863 2599 895 2658 in
915 2596 1093 2676 quibusdam
1111 2598 1173 2661 lan·

154 2689 245 2752 dandi
267 2692 335 2770 uiri,
359 2691 448 2750 etiam
472 2689 498 2749 si
520 2689 651 2749 maxumi
673 2689 775 2767 ingeni
793 2705 856 2748 non
872 2693 981 2767 essent,
1004 2686 1172 2767 probabiles

153 2788 253 2842 tamen
277 2778 438 2859 industria3
466 2795 646 2857 quamquam
668 2776 716 2839 bis
745 2776 865 2856 quidem
892 2793 952 2836 non
980 2778 1101 2837 omuino
1128 2779 1172 2837 in·

152 2871 285 2949 genIum,
308 2868 361 2929 sed
385 2868 548 2928 oratorium
570 2866 724 2945 Ingenium
747 2864 849 2926 defuit.
866 2897 902 2907 —
921 2863 955 2924 ln
980 2863 1085 2925 Scauri
1108 2882 1173 2925 ora·

152 2960 244 3037 tione,
269 2957 411 3036 sapientis
433 2955 563 3016 hominIs
587 2961 617 3015 et
639 2956 723 3034 recti,
747 2955 878 3032 grauitas
901 2971 1016 3015 summa
1040 2949 1069 3014 e't
1088 2961 1173 3014 natu·
1186 2975 1214 3016 eo

153 3046 226 3108 ralis
255 3046 399 3126 quaedam
427 3047 525 3106 inerat
551 3045 727 3124 auctoritas,
750 3060 811 3103 non
838 3050 872 3102 ut
900 3060 1032 3123 causam,
1056 3042 1110 3103 sed
1139 3050 1173 3104 ut

152 3137 359 3198 testImonium
382 3134 483 3195 dicere
505 3140 636 3212 putares,
660 3150 729 3192 cum
752 3148 807 3210 pro
831 3149 883 3191 reo
903 3130 1025 3192 diceret.
1053 3130 1111 3192 boc
1130 3131 1173 3192 di·

153 3225 243 3286 cendi
265 3242 360 3303 genus
379 3222 417 3284 ad
435 3222 598 3303 patrocinia
617 3220 809 3282 mediocriter
827 3226 929 3300 aptum
948 3219 1116 3301 uidebatur,
1137 3219 1174 3280 ad

155 3314 335 3376 senatoriam
358 3330 431 3372 uero
455 3311 647 3390 sententiam,
670 3311 757 3371 cuius
781 3315 844 3370 erat
870 3306 920 3368 ille
947 3311 1101 3390 princeps,
1124 3308 1173 3370 uel

154 3420 306 3482 maxume3
326 3399 512 3480 significabat
530 3401 609 3460 enim
624 3417 684 3460 non
697 3398 887 3479 prudentIam
902 3396 996 3458 solum
1017 3397 1078 3479 sed,
1093 3397 1173 3478 qnod
1187 3419 1214 3460 ec

155 3493 282 3554 maxime
305 3507 371 3551 rem
394 3487 574 3568 continebat,
593 3487 689 3548 fidem.
718 3485 846 3548 habebat
863 3485 921 3546 bec
940 3503 957 3546 a
975 3494 1081 3547 natura
1100 3489 1173 3567 ipsa,

154 3580 267 3662 quoda
285 3580 422 3642 doctrina
435 3596 495 3640 non
509 3576 594 3640 facile
613 3584 728 3657 posset3
748 3593 926 3655 quamquam
944 3573 1034 3636 huius
1053 3593 1172 3654 quoque

1136 3677 1169 3714 ..
