2670 4058
200 219 244 284 80
342 219 373 274 L.
393 216 749 304 cappulam-Planum
769 215 938 274 cuusossu
955 217 1071 275 FRVGI

140 366 277 432 tiam1⁸1
299 367 428 430 seribam
451 387 556 448 agnum
580 386 668 430 snum
688 370 720 430 in
741 366 872 428 laniculo
894 370 1126 448 repastinantem
1144 367 1220 430 ouo-

139 456 281 520 ⁶⁷3disse
310 476 424 540 arnam,
454 459 486 518 in
518 475 576 537 qna
603 456 712 539 Numa,
745 458 796 536 qui
825 455 935 518 Romae
962 457 1113 538 regnauit,
1141 459 1219 519 situs

201 547 316 608 fnisset.
358 549 389 608 in
417 544 521 610 eadem
548 545 641 608 libros
669 547 734 608 eius
762 553 935 626 repertos
926 546 957 607 P.
981 544 1175 610 CornelioL
1199 546 1220 606 1.

202 634 393 715 CethegoM
417 635 584 706 BaebioQ
608 635 627 695 s
651 634 805 714 Tamphilo
829 653 904 714 eos,
927 621 961 696 ad
986 653 1062 718 quos
1085 654 1101 698 a
1125 653 1220 717 regno

201 723 314 786 Numae
345 723 526 806 colliguntur
554 727 625 786 anni
646 737 774 784 Dxxxv.
816 724 870 784 hos
894 683 985 785 inisse
1009 743 1026 785 e
1049 718 1221 786 charta—
1235 735 1248 776 ⁶

154 815 157 824 “
203 831 313 893 eosque
338 812 510 876 combustos
534 833 549 874 a
569 813 602 884 Q
622 812 727 874 Petilio
746 820 898 892 praetore,
921 816 990 894 quia
1013 799 1220 892 philosophiae

203 904 314 983 scripta
333 911 441 965 essent.
478 901 541 964 Hoc
561 903 639 964 idem
655 902 745 964 tradit
758 901 828 963 Piso
844 901 1004 964 Censorius
1022 905 1125 988 primo
1139 921 1220 966 com

202 994 417 1054 montariorum
445 991 497 1054 sed
528 991 620 1054 libros
649 999 764 1072 septem
795 993 871 1052 iuris
902 993 1061 1072 pontificii,
1094 991 1221 1059 totidem

202 1077 415 1160 Pythagoricos
438 1081 539 1143 fuisse.
563 1075 618 1166 (os.
637 1079 733 1146 Tadu.
746 1079 788 1156 [ν.
802 1081 832 1142 3.
855 1081 953 1143 Valer.
972 1077 1105 1166 7-10.)

140 1261 145 1268 „
294 1182 376 1250 12³⁸.
401 1191 479 1251 Ρίινί.
495 1191 581 1250 Νυνι.
594 1188 636 1248 21
659 1181 691 1248 Ὁ
709 1190 817 1266 Νομᾶς
840 1183 1021 1268 ἐτελεύτησεν
1035 1183 1081 1254 ,οό
1103 1188 1220 1268 ταχείας
1235 1198 1262 1238 10

203 1280 270 1350 οὐδ’
303 1286 460 1364 αἰφνιδίου
491 1284 654 1368 γενομένης
686 1279 765 1370 αὐτῷ
796 1290 848 1366 τῆς
879 1291 1012 1367 τελευτῆς
1042 1280 1115 1352 ἄλλα
1144 1279 1220 1347 κατὰ

204 1378 309 1463 μιῳὸν
330 1377 391 1447 {aad
413 1377 513 1466 γήρως
535 1382 586 1445 καί
603 1379 696 1446 νόσον
714 1388 847 1464 μσλαινῆς
871 1378 1159 1503 σἰπομαραννόμενος,
1179 1376 1221 1456 ὥς

203 1474 337 1569 ίστόρηιιε
364 1481 496 1542 Πείσων·
527 1476 690 1560 ἐτελεύτησε
717 1479 751 1543 M
773 1477 883 1562 χρόνον
906 1477 942 1544 οὗ
964 1477 1060 1544 πολὺν
1082 1486 1145 1556 τοϊς
1167 1475 1220 1563 ὄγ·

205 1562 352 1658 δοήποντα
373 1575 569 1660 προσβιιόσας.

154 1679 157 1686 ’
295 1670 352 1738 13.
377 1678 454 1738 Ptin
469 1677 623 1738 XXVIII
631 1679 673 1738 14
696 1677 728 1740 L
743 1679 811 1739 Piso
831 1681 926 1758 primo
945 1615 1095 1741 annalium
1114 1686 1221 1741 aneton
1235 1695 1262 1735 ιι

205 1771 264 1844 est,
287 1763 407 1827 Tullum
430 1765 589 1828 hostilium
612 1785 712 1846 regem
737 1787 772 1828 ex
790 1767 903 1828 Numae
927 1767 1011 1829 libris
1030 1768 1135 1829 eodem
1159 1787 1220 1872 nno

204 1853 288 1915 iham
312 1856 457 1917 sacrificio
485 1855 587 1917 Iouem
615 1855 695 1917 eaelo
724 1856 870 1917 deuocare
899 1863 1050 1937 nonatum,
1079 1858 1221 1938 quoniam

205 1961 310 2022 panum
333 1947 390 2004 rite
414 1944 558 2025 quaedam
581 1946 715 2026 fecisset,
739 1945 861 2006 fulmine
885 1947 986 2008 istum

291 2035 353 2103 ¹14.
378 2044 465 2106 Dion.
478 2044 598 2104 111115
616 2037 668 2118 Ὡς
682 2041 715 2104 M
729 2043 848 2106 Πείσων
865 2039 994 2118 Λεόιιιος
1013 2043 1046 2104 έν
1064 2048 1098 2128 τῇ
1117 2038 1220 2125 προότη

204 2141 263 2200 τῶν
282 2139 440 2202 ἐνιαυσίων
457 2133 641 2224 τἰναγραφῶν
655 2142 770 2222 ίστορεῖ,
789 2135 969 2223 βουλόμενος
985 2139 1128 2220 [Seruius
1151 2141 1219 2201 thl-
1235 2157 1263 2198 ιο

205 2237 277 2316 lius]
300 2236 432 2300 παλτῶν
455 2238 487 2300 ἐν
511 2235 589 2301 όστει
612 2236 823 2322 διατριβόντων
845 2234 877 2301 τὸ
895 2243 1012 2318 πλῆθος
1031 2235 1141 2302 εἰδέναι
1161 2242 1221 2299 τῶν

205 2359 234 2396 τε
262 2325 455 2418 γεννωμένων
481 2335 532 2398 ιιαλ
558 2331 784 2421 ἀπογινομένων
812 2335 863 2405 ιιαλ
889 2341 948 2399 τῶν
975 2338 1017 2412 είς
1040 2328 1153 2417 ἄνδρας
1176 2335 1221 2418 έγ-

204 2431 417 2515 γραφομένων,
445 2433 558 2512 ἔταξεν,
585 2427 659 2500 ὅσον
689 2435 749 2498 ἔδει
781 2429 910 2516 νόμισμα
938 2433 1116 2515 καταφέρειν
1143 2429 1221 2516 ὑπὲρ

206 2527 329 2595 ἑκάστου
352 2526 422 2605 τοὺς
438 2527 658 2614 προσήκοντας,
681 2535 723 2610 είς
745 2531 801 2614 μὲν
822 2529 874 2596 τὸν
896 2537 948 2613 τῆς
966 2533 1144 2608 Εἰλειθυίας
1161 2539 1220 2613 θη·

206 2623 333 2708 σαυρόν,
355 2623 396 2709 ἣν
414 2624 555 2710 Ῥωμαῖοι
577 2633 719 2693 καλοῦσιν
736 2627 836 2711 Ἥραν
859 2626 1039 2712 φωσφόρον,
1061 2625 1137 2711 ὑπὲρ
1160 2635 1221 2693 τῶν
1234 2645 1261 2687 2⁵

205 2725 415 2808 γεννωμένων,
439 2728 480 2801 είς
502 2725 536 2789 M
558 2722 611 2790 τόν
636 2733 690 2808 τῆς
709 2723 887 2810 Ἀφροδίτης
914 2728 947 2791 έν
969 2723 1051 2791 ἄλσει
1073 2731 1221 2811 καθιδρυ-

206 2824 311 2905 μένης,
332 2819 373 2905 ἣν
395 2821 649 2908 προσαγορεύουσι
673 2827 845 2907 Λιβιτίνην,
867 2821 942 2906 ὑπὲρ
961 2830 1021 2888 τῶν
1043 2818 1221 2910 τἰπογινομέ-

206 2945 286 3002 μων,
309 2924 351 2997 είς
374 2921 407 2985 M
428 2918 481 2986 τὸν
502 2925 555 3003 τῆς
577 2919 726 3003 Νεότητος
752 2918 827 3004 ὑπέρ
852 2927 911 2986 τῶν
934 2925 975 2999 είς
997 2919 1112 3005 ἄνδρας
1135 2921 1222 3008 ἆρχο-
1312 2952 1313 2967 ¹

207 3019 305 3100 μένων
328 3027 488 3083 συντελεῖν·
511 3019 541 3096 ἐξ
565 3011 607 3084 ὧν
629 3015 732 3100 ἤμελλε
756 3017 974 3104 διαγνώσεσθαι
998 3018 1071 3084 καθ’
1097 3019 1223 3088 ἕκαστον

207 3115 358 3195 ἐνιαυτόν,
386 3112 452 3181 ὅσοι
478 3142 508 3181 τε
536 3119 569 3182 οί
594 3113 758 3200 σύμπαντες
784 3109 863 3200 ἦσαν
890 3119 940 3180 ιιαλ
966 3120 1042 3195 τίνες
1065 3120 1095 3194 ἐξ
1120 3117 1222 3186 αιίτῶν
1236 3137 1263 3176 ³0

205 3208 261 3294 τὴν
284 3213 490 3295 στρατεύσιμον
512 3209 630 3300 ἡλικίαν
652 3211 739 3298 είχον.

299 3309 379 3375 Ιὸ*.
404 3317 491 3376 Dion.
507 3318 583 3377 IIII
600 3316 621 3374 7
635 3299 714 3396 Ἔχει
736 3311 768 3375 M
786 3313 835 3376 ιιαλ
855 3311 944 3388 ἄλλας
957 3310 1039 3390 τινὰς
1053 3311 1083 3378 τὸ
1099 3322 1222 3400 πρᾶγμα

135 3467 138 3475 .
208 3409 370 3489 [Aruntem
384 3419 414 3473 et
427 3413 556 3475 Lucium
569 3413 750 3489 Tarquinios
762 3414 949 3487 fitiosPrtsce'
959 3411 1070 3492 fuisse]
1085 3409 1222 3496 ιἰτοπίας,

183 3503 243 3582 -ἃς
269 3503 397 3584 ἅπαντες
423 3503 576 3591 ἠγνόησαν
608 3511 640 3574 σί
663 3504 698 3572 τὰ
725 3504 873 3590 Ῥωμαϊκὰ
900 3506 1115 3591 συνταξάμενοι
1142 3510 1223 3596 πλὴν
1311 3549 1312 3552 “

207 3601 289 3685 ένός,
316 3597 353 3671 οὗ
380 3603 453 3670 κατὰ
481 3603 588 3692 μικρὸν
614 3606 671 3688 ἐρῶ
697 3604 836 3688 τοῦνομα,
878 3603 1062 3691 ὡμολόγηται
1090 3605 1148 3692 γὰρ
1176 3607 1223 3675 ὅτι
1237 3626 1264 3667 ει
1312 3606 1313 3659 λ
