2620 4054
455 179 555 264 rnen.
593 209 727 286 onium.
744 217 821 266 1-4.
1081 209 1147 274 355

321 351 371 406 EX
389 351 506 407 Liuius
525 351 705 436 AuTORVM
723 351 954 408 FRAGMENTA

222 461 280 528 l*.
304 467 460 542 lamprid.
480 469 566 528 Alex.
588 466 678 542 64,4
716 465 785 526 Scio
813 484 883 526 sane
913 466 1071 546 plerosque
1095 484 1145 527 ne·

129 573 209 635 gare,
232 555 311 616 bunc
339 573 356 615 a
380 562 486 616 senatu
504 553 660 616 Caesarem
679 555 859 634 appellatum
877 573 944 616 esse
963 555 1019 616 sed
1035 573 1051 615 a
1070 553 1145 616 mili-

92 669 95 680 *
128 643 219 724 tibus,
243 646 295 723 qui
318 661 424 704 uerum
447 661 571 724 prorsus
598 646 750 728 ignerant3
779 643 880 706 dicere
908 651 1063 723 praeterea
1085 661 1145 705 non

128 732 208 794 buno
232 732 325 793 luisse
349 732 561 794 consobrinum
585 732 775 812 Heliogabali.
817 736 868 813 qui
892 741 926 795 nt
946 752 1001 794 nos
1020 751 1145 814 sequan-

128 829 188 903 tur,
209 821 370 884 historicos
399 824 463 883 eius
486 825 632 902 temporis
653 821 753 902 legant
776 830 806 884 et
828 825 955 882 maxime
979 821 1172 903 Acholium,⁵

128 912 181 990 qui
208 918 238 972 et
265 913 409 972 interiora
435 911 526 972 buius
554 913 699 991 principis
727 914 857 990 scripsit.
889 905 945 996 (cs.
965 913 992 986 1,
1010 912 1040 972 2.
1065 912 1094 992 5,
1114 911 1144 972 4.

63 1040 69 1051 -
128 1001 362 1082 Helioa.10,1.
390 1002 465 1077 Opil.
486 994 577 1084 4,1.)

218 1084 277 1150 2²⁸.
301 1090 457 1167 lamprid.
477 1091 564 1152 Alex.
583 1089 627 1150 48
655 1089 730 1151 Cum
753 1089 874 1168 quidam
898 1087 1027 1151 Ouinius
1050 1088 1144 1150 Cami-

128 1177 175 1238 lus
199 1185 318 1240 senator
345 1179 484 1258 antiquae
512 1178 639 1240 familiae
667 1177 897 1240 delicatissimus
923 1177 1068 1239 rebellare
1092 1197 1143 1238 uo·

63 1275 73 1291 ‘
127 1265 232 1329 luisset
264 1267 452 1348 tyrannidem
483 1268 649 1348 adfectans,
679 1269 766 1347 eique
797 1270 966 1329 nuntiatum
999 1274 1079 1328 esset
1109 1280 1184 1328 ac10

128 1358 227 1417 statim
255 1355 426 1438 probatum,
455 1356 491 1418 ad
520 1356 667 1418 Palatium
694 1374 762 1417 eum
792 1359 910 1436 rogauit
938 1355 1142 1434 [Alexander]

127 1448 215 1526 eique
238 1448 348 1525 gratias
372 1447 441 1528 egit,
465 1445 544 1527 quod
568 1463 671 1507 curam
694 1447 739 1506 rei
761 1464 800 1528 p.,
831 1463 906 1526 quae
935 1445 1144 1506 recusantibus

127 1533 214 1596 bonis
241 1538 449 1616 inponeretur,
478 1542 585 1616 sponte
612 1537 775 1616 reciperet3
807 1535 914 1596 deinde
943 1535 978 1594 ad
1007 1544 1143 1596 senatum

126 1626 274 1704 processit
306 1631 337 1685 ei
368 1627 522 1686 timentem
555 1641 589 1686 ao
620 1631 720 1686 tantae
748 1625 949 1685 conscientiae
979 1622 1047 1686 tabe
1074 1641 1143 1704 con·
1255 1659 1259 1668 ·

126 1712 238 1774 luctum
261 1715 437 1795 participem
460 1715 580 1793 imperii
602 1711 775 1796 appellauit,
798 1715 830 1774 in
853 1712 998 1774 Palatium
1021 1715 1143 1792 recepit,
1158 1722 1184 1763 1⁵

127 1804 267 1864 conuiuio
296 1801 444 1883 adhibuit,
472 1804 655 1863 ornamentis
682 1801 887 1882 imperialibus
916 1809 947 1862 et
969 1800 1144 1862 melioribus

127 1907 215 1968 quam
238 1893 304 1970 ipse
327 1890 468 1952 utebatur
490 1890 608 1951 adiecit.
659 1897 689 1951 et
716 1908 784 1951 oum
812 1890 962 1969 expeditio
989 1888 1144 1951 barbarica

127 1987 207 2040 esset
229 1971 373 2060 nuntiata,
396 1978 446 2041 uel
468 1981 567 2058 ipsum
591 1981 617 2039 si
639 1977 731 2039 uellet
753 1980 797 2039 ire
821 1979 870 2040 uel
894 1986 928 2039 ot
951 1996 1053 2039 secum
1076 1997 1143 2058 pro-

126 2069 322 2148 ficisceretur,
346 2067 483 2130 hortatus
505 2075 560 2128 est
607 2074 637 2128 ct
660 2085 728 2128 cum
752 2069 817 2146 ipse
835 2067 928 2146 pedes
945 2069 1004 2128 iter
1022 2067 1142 2147 iaceret,

125 2156 208 2218 illum
232 2159 373 2218 inuitauit
392 2157 428 2218 ad
447 2155 588 2238 laborem,
607 2173 696 2236 quem
714 2164 783 2234 post
803 2159 936 2236 quinque
955 2155 1184 2217 milisendem

126 2253 239 2308 tantem
263 2263 341 2326 equo
364 2246 469 2307 sedere
496 2247 598 2327 iussit,
627 2263 756 2325 cumque
785 2253 854 2326 post
876 2244 951 2306 duas
974 2247 1143 2306 mansiones

126 2352 204 2415 equo
228 2337 318 2397 otiam
341 2336 481 2415 fatigatus
504 2343 597 2416 essct,
616 2343 758 2413 carpento
781 2336 928 2415 inposuit,
947 2333 1005 2396 boc
1024 2352 1142 2414 quoque

126 2443 181 2484 seu
194 2426 302 2486 timore
317 2441 458 2487 senuero
473 2432 675 2505 respuentem,
689 2423 876 2485 abdicantem
890 2425 963 2503 quin
981 2425 1070 2484 eiiam
1089 2426 1142 2483 im-

125 2514 243 2590 perium
266 2521 297 2574 et
319 2516 396 2574 mori
419 2522 555 2592 paratum
585 2513 699 2575 dimisit
722 2513 1020 2592 commendatumque
1043 2511 1142 2572 militi-

125 2600 191 2682 bus,
215 2620 231 2661 a
256 2601 366 2681 quibus
389 2601 554 2663 Alexander
576 2605 664 2664 unice
688 2601 850 2682 amabatur,
873 2608 971 2663 tutum
995 2601 1031 2660 ad
1054 2598 1141 2662 uillas
1155 2611 1181 2652 ²⁵

126 2707 195 2751 sues
217 2692 262 2750 ire
285 2692 450 2771 praecepit,
477 2693 510 2751 in
537 2689 647 2770 quibus
674 2690 726 2751 diu
753 2693 837 2751 uixit.
891 2689 943 2751 sed
964 2695 1035 2767 post
1056 2691 1142 2749 iussu

125 2781 314 2858 imperatoris
338 2781 456 2841 occisus
479 2787 534 2861 est,
557 2779 637 2858 quod
661 2787 691 2840 et
717 2778 767 2839 ille
790 2779 927 2839 militaris
951 2786 1031 2838 esset
1059 2776 1142 2855 [eta

125 2867 270 2929 militibus
293 2870 411 2930 occisus
435 2867 503 2946 est].
541 2869 604 2928 scio
628 2866 752 2946 uulgum
774 2868 850 2930 buno
868 2884 942 2947 rem,
961 2884 1050 2945 quarn
1072 2884 1141 2926 con-

125 2959 217 3038 texui,
231 2956 351 3018 Traiani
368 2964 474 3038 putare
489 2989 540 3018 -.
557 2964 661 3018 contra
679 2964 780 3018 autem
798 2964 828 3017 et
847 2955 1010 3035 Septimius
1031 2953 1087 3032 [fr.
1106 2953 1139 3032 2]

125 3053 156 3107 et
177 3045 319 3107 Acholius
342 3052 373 3106 et
395 3044 558 3124 Encolpius
583 3043 693 3123 [sed]
720 3044 812 3122 [uitae
836 3043 1013 3124 scriptores]
1034 3045 1139 3105 ceteri·
1154 3055 1181 3096 ³0

125 3152 183 3214 que
207 3135 244 3197 de
268 3135 324 3196 boc
348 3134 416 3196 talia
439 3135 698 3213 praedicauemnt.

215 3226 273 3294 3²¹³.
294 3232 646 3310 compeccantem
667 3233 779 3293 ilerum
794 3232 937 3292 memoria
952 3229 1140 3307 [iaAlexon-
1174 3255 1175 3260 ¹

126 3318 196 3397 dro]
217 3321 384 3401 singularis,
404 3337 492 3399 quam
510 3324 698 3382 mnemonico
713 3320 853 3382 Acholius
869 3318 982 3380 ferebat
1001 3319 1139 3381 adiutam.

213 3410 248 3481 4.
279 3417 617 3496 Vopisc.Aurel.12,3
649 3417 687 3478 lit
710 3420 849 3497 quoniam
877 3420 966 3479 etiam
994 3417 1032 3478 de
1055 3416 1138 3478 adro-

124 3507 241 3586 gatione
261 3507 326 3568 eius
342 3502 532 3587 [Aureliani]
547 3504 644 3587 aliqua
662 3524 710 3568 me
725 3507 857 3567 dixeram
871 3509 1049 3588 positurum,
1064 3523 1138 3586 quae
1154 3515 1179 3558 35

124 3594 160 3657 ad
184 3603 299 3658 tantum
322 3597 488 3677 principem
510 3599 706 3679 pertinerent,
730 3613 840 3676 quaeso
860 3614 897 3656 ne
916 3595 1048 3658 odiosior
1072 3611 1139 3655 uer·

922 3695 978 3752 23*
