2638 4056
190 225 240 280 un
254 224 377 282 usura
391 225 462 284 na.
482 223 710 281 renouarat
721 229 834 282 aa-ra.
848 224 935 282 nun.
951 225 1051 281 rusa.
1067 224 1134 290 aaa

118 376 267 455 principio
286 375 453 436 Auentinus
472 375 570 436 dictus
590 382 636 435 est
655 373 691 435 ab
710 373 817 436 auibus
840 374 890 435 uel
908 393 925 434 a
944 391 1015 454 rege
1029 373 1133 435 Abori·

118 466 230 544 giunm.
254 458 308 546 (of.
328 465 454 540 Arausa.
474 467 503 526 at
522 468 582 526 oia.
601 467 629 525 d.
645 465 766 526 XVIII
779 456 844 546 21.)

209 556 293 623 19⁸.
316 561 476 638 Aaqostin.
495 564 534 623 de
552 565 611 623 oia.
627 564 654 623 d.
669 562 791 624 XVIII
804 561 847 624 23
869 560 982 622 Eodem
999 569 1133 640 tompore

119 647 192 731 [quo
207 652 305 713 Romu
323 653 448 713 condato
471 648 529 728 est]
553 649 668 712 nonulli
687 649 826 731 Sibyllam
845 649 1040 730 Erythraeam
1057 653 1132 712 uati-

117 741 246 800 oinatam
264 739 372 801 terunt.
397 739 524 821 Sibyllae
546 747 645 802 autem
664 738 756 800 Varro
780 739 881 819 prodit
902 737 1006 817 plures
1029 740 1158 819 fuissqb

117 847 178 890 non
201 847 301 890 unam

208 921 268 989 20.
291 927 380 989 Sera.
399 929 431 988 in
453 927 540 1002 Vero.
560 926 634 988 Aea.
650 927 702 987 IX
719 927 787 988 603
808 925 910 988 ltaliae
928 925 1084 1007 disciplina
1103 933 1133 988 et

117 1016 181 1077 uita
198 1014 344 1096 laudatur,
363 1032 452 1095 mam
467 1023 497 1076 et
515 1014 586 1077 Cato
605 1017 638 1076 in
656 1015 821 1096 originibus
841 1014 899 1094 [fr.
917 1014 976 1093 76]
996 1023 1027 1076 et
1040 1015 1132 1076 Varro

116 1107 149 1165 iu
172 1113 260 1184 geute
282 1104 386 1186 populi
408 1103 533 1165 Romani
556 1113 776 1167 commemorat.

207 1205 266 1274 21.
286 1211 374 1274 Sera.
389 1213 422 1272 in
442 1211 530 1286 Vero.
544 1212 619 1274 Aen.
642 1211 783 1273 VII176
800 1210 928 1273 Maiores
943 1212 1022 1271 enim
1036 1211 1133 1271 nostri
1147 1221 1174 1262 10

117 1300 255 1362 sedentes
274 1299 479 1379 epulabantur,
498 1317 587 1379 quem
607 1318 722 1362 morem
739 1299 911 1362 habuerunt
929 1318 946 1360 a
964 1298 1132 1360 Laconibus

117 1396 148 1450 et
171 1388 376 1450 Cretensibus:
399 1396 433 1450 ut
455 1387 548 1449 Varro
577 1390 664 1451 docet
688 1392 719 1450 iu
743 1387 828 1450 libris
852 1389 889 1450 do
918 1396 1007 1468 gente
1029 1387 1133 1467 populi

118 1477 255 1558 Romani,
277 1479 309 1539 in
336 1476 446 1557 quibus
473 1478 558 1559 dicit,
587 1479 659 1560 quid
686 1497 844 1559 aquaque
872 1480 1018 1539 traxerint
1045 1484 1133 1556 gente

116 1585 172 1646 per
194 1568 398 1628 imitationem.

206 1667 266 1734 22.
290 1673 377 1734 Seru.
402 1676 434 1733 In
460 1672 547 1750 Vero.
567 1673 642 1734 Aen.
664 1674 709 1735 VI
726 1673 796 1735 760
831 1673 911 1736 Pura
939 1671 1036 1750 hasta]
1068 1674 1086 1732 i.
1107 1683 1173 1732 e.1⁵

118 1764 182 1823 sine
206 1762 294 1822 terro.
321 1779 389 1821 nam
408 1760 465 1821 hoo
484 1760 541 1822 fuit
558 1763 723 1841 praemium
743 1762 822 1841 apud
840 1764 968 1822 maiores
988 1763 1062 1841 eius,
1080 1761 1133 1840 qui

118 1861 190 1913 tuno
213 1852 343 1929 primum
367 1850 491 1909 uicisset
513 1850 544 1908 in
568 1850 691 1930 proelio,
715 1852 797 1912 siout
816 1853 857 1912 ait
875 1849 968 1910 Varro
991 1852 1023 1910 in
1046 1849 1131 1911 tibris

117 1939 154 2000 de
178 1946 266 2019 gente
289 1936 393 2018 populi
415 1936 547 1998 Romani.

207 2038 266 2107 23.
291 2045 379 2106 Sera.
394 2047 425 2106 In
445 2039 535 2120 Vere.
547 2061 654 2121 peorq.
668 2043 728 2105 III
735 2043 775 2106 18
798 2044 926 2105 Centum
939 2045 1133 2124 quadriIugos

117 2132 234 2214 agitabo
253 2133 289 2194 ad
308 2132 443 2211 flumine]
463 2135 482 2194 t.
497 2151 522 2194 e.
537 2135 628 2194 unius
646 2133 706 2194 diei
719 2132 865 2194 exhibebo
880 2136 1040 2213 oimenses,
1055 2134 1133 2213 quia,
1147 2143 1173 2184 20

117 2231 152 2284 ut
169 2221 262 2284 Varro
282 2221 355 2284 dieit
373 2224 404 2283 in
427 2221 513 2283 libris
532 2221 568 2282 de
592 2230 680 2302 gente
698 2222 803 2303 populi
820 2221 954 2302 Romani,
974 2221 1044 2282 olim
1062 2236 1134 2283 xxv

117 2314 226 2374 missus
249 2310 372 2391 fiebant,
396 2311 448 2372 sed
476 2313 638 2372 uicesimus
663 2313 785 2392 quintus
809 2310 964 2372 dicebatur
992 2312 1133 2392 aerarius,

118 2400 256 2479 eoquod
280 2400 317 2461 de
340 2399 496 2462 collatione
519 2399 622 2480 populi
645 2399 848 2462 exhibebatur.
872 2401 925 2479 qui
948 2399 1036 2461 desiit
1059 2417 1134 2480 esse,

118 2497 275 2568 postquam
289 2489 485 2552 conterendae
499 2492 644 2568 pecuniae
659 2498 705 2553 est
719 2488 904 2552 consuetudo
920 2487 1043 2570 sublata,
1054 2487 1134 2550 unde

118 2577 265 2658 hodieque
288 2581 460 2659 permansit,
480 2587 513 2639 ut
536 2577 658 2639 ultimus
679 2580 787 2640 missus
806 2577 972 2658 appelletur
991 2579 1133 2638 aerarius.
1148 2588 1174 2627 ²⁵

118 2684 190 2746 ergo
222 2675 342 2729 eentum
374 2684 483 2728 currus
511 2667 677 2729 secundum
704 2668 910 2746 antiquitatem
939 2665 1026 2744 dixit,
1056 2667 1135 2725 sieut

119 2755 266 2817 etiamad
290 2755 419 2816 flumina.
457 2755 527 2816 olim
551 2757 631 2817 enim
659 2753 800 2816 inlitora
828 2754 960 2815 fluminis
983 2756 1134 2815 ohoenses

118 2843 314 2925 agitabantur,
336 2847 368 2906 in
387 2843 480 2905 altero
503 2843 595 2905 latere
619 2846 725 2922 positis
748 2842 867 2924 gladiis,
890 2850 925 2903 ut
947 2842 984 2904 ab
1006 2851 1134 2922 utraque
1157 2909 1161 2915 ‚

119 2942 202 3012 parto
222 2940 303 2994 esset
319 2935 456 3012 ignauiae
475 2951 618 3012 praesens
637 2932 812 3012 periculum.
836 2931 915 2992 unde
935 2939 965 2992 et
984 2933 1134 2993 circenses

118 3022 190 3083 dieti
213 3031 296 3102 suut,
319 3024 389 3101 quia
416 3020 634 3083 exhibebantur
656 3023 687 3083 in
715 3023 845 3082 circuitu
873 3020 995 3081 ensibus
1018 3021 1175 3100 positique

107 3110 189 3188 ¹lteot
212 3109 261 3172 alii
285 3129 301 3171 a
324 3111 537 3172 circumeundo
567 3111 668 3172 dicant
690 3112 842 3172 oiroenses
866 3112 976 3171 uocari.
1014 3104 1069 3192 (os.
1093 3111 1137 3170 od

118 3200 192 3262 Aen.
214 3200 296 3262 VIII
312 3193 404 3282 636.)

406 3385 634 3442 ANNALIVM
661 3386 779 3442 LIBRI
806 3387 845 3441 ΙΙΙ

497 3492 753 3550 TESTIMONIVM

87 3611 118 3679 l.
142 3614 209 3673 Ino.
228 3609 352 3672 Hieron
372 3626 420 3686 op.
440 3607 585 3672 Bitscbel.
604 3625 650 3685 op.
665 3607 724 3668 III
733 3625 765 3685 p.
779 3607 847 3667 526
869 3605 1026 3666 Annalium
1044 3604 1093 3666 III.
