2614 4056
149 187 375 245 ensonuums
394 167 542 246 ansuis.
561 189 711 246 nnvrnu
729 189 832 246 unsa.
850 189 986 246 sareu.
999 197 1022 248 1.
1051 189 1117 254 375

108 340 182 420 apud
204 339 362 400 Aemilium
385 338 628 418 Partheniannm,
657 339 708 419 qui
732 338 930 401 adfectatores
952 337 1117 418 tyrannidis

108 431 162 488 iam
189 428 257 489 inde
286 447 303 488 a
330 427 485 506 ueteribus
514 426 656 489 historiae
688 426 820 490 tradidit.
870 445 938 488 nam
966 437 996 488 et
1023 429 1117 506 uirgis

108 535 205 578 caesos
228 520 259 579 iu
284 516 348 584 soro
377 525 407 576 et
433 518 465 577 in
487 516 594 578 mediis
622 519 728 578 castris
751 518 851 578 securi
874 518 1037 597 percussit,
1065 519 1118 596 qui

106 608 143 666 ita
173 617 362 686 meruerunt,
390 615 420 666 et
448 623 553 666 manus
585 606 687 667 multis
716 607 890 685 amputauit.
940 613 971 666 et
998 614 1117 684 praeter

106 693 229 755 laridum
253 713 287 756 ac
310 692 509 756 buccellatum
533 703 621 773 atque
645 703 763 756 acetum
790 693 914 755 militem
943 696 974 754 in
997 695 1144 775 expedi-⁵

105 785 182 844 tione
214 793 334 862 portare
361 782 515 863 prohibuit
549 794 592 863 et,
624 786 650 843 si
682 781 762 845 aliud
791 785 943 862 quippiam
975 786 1117 865 repperit,

105 871 250 933 luxuriem
274 891 333 934 non
356 871 417 933 leui
440 871 587 951 suppHcio
611 871 727 933 adiecit.

335 1052 658 1141 Pusonuulvs
690 1051 882 1140 FESTVS

203 1201 456 1259 maronmnvu
473 1202 545 1257 nnn
563 1201 739 1258 survnru
757 1201 1018 1258 nnneunuuvn
1102 1219 1104 1224 ·
1144 1269 1150 1282 ³

193 1310 226 1378 l.
250 1317 391 1378 Lactont
415 1321 482 1378 inst.
502 1317 578 1378 121
614 1315 798 1378 Pescennius
830 1314 938 1378 Festus
967 1319 999 1377 in
1030 1315 1116 1378 libris

103 1404 294 1466 historiarum
325 1421 380 1485 per
412 1414 543 1466 saturam
574 1405 668 1466 refert
700 1404 959 1484 Carthaginienses
987 1405 1115 1466 Saturno

103 1493 245 1554 humanas
268 1493 380 1554 hostias
404 1493 506 1554 soiitos
529 1494 691 1575 immolare,
714 1504 744 1555 et
767 1511 836 1555 cum
859 1495 934 1555 uicti
956 1503 1056 1555 essent
1079 1493 1157 1554 ah10

102 1581 261 1661 Agathocle
294 1599 364 1660 rega
393 1581 574 1663 Siculorum,
604 1585 714 1644 iratum
746 1582 805 1644 sibi
836 1583 925 1644 deum
952 1585 1116 1662 putauisse‚

102 1674 216 1751 itaque,
245 1679 278 1732 ut
301 1670 473 1750 diligentius
496 1671 647 1750 piaculum
670 1672 836 1754 soluerem,
866 1673 1010 1734 ducentos
1034 1671 1116 1733 nohi-

102 1759 174 1819 iinm
197 1758 275 1820 filios
298 1754 475 1821 immolasse.

483 1923 738 2011 Bacurius

447 2070 771 2127 unsrruourvu

67 2179 537 2250 1.Euseo.tisteccl.11118
573 2187 631 2260 Εἰς
652 2189 793 2249 τοσοῦτον
816 2183 848 2248 δὲ
871 2183 929 2267 δρα
951 2181 1025 2248 κατὰ
1048 2181 1117 2260 τοὺς
1183 2211 1190 2224 ·

104 2283 307 2366 δηλουμένους
330 2283 370 2362 [τ’.
399 2303 423 2346 e.
448 2285 504 2344 sub
532 2282 664 2361 Flauiis]
693 2277 713 2363 ἡ
744 2288 796 2364 τῆς
825 2278 965 2365 ἡμετέρας
995 2285 1118 2358 πίστεως
1132 2304 1157 2344 15

105 2381 243 2464 διίλαμνιε
267 2383 455 2459 διδασκαλία,
483 2374 523 2455 δας
545 2379 594 2442 καὶ
616 2375 686 2456 τοὺς
713 2377 831 2445 ἄποθεν
857 2386 910 2444 τοῦ
937 2377 1009 2444 καθ’
1038 2376 1117 2462 ἡμᾶς

104 2475 195 2562 λόγου
219 2485 398 2562 συγγραφεῖς
429 2472 469 2559 μὴ
498 2471 666 2558 διτοκνῆσαι
692 2484 755 2553 ταῖς
778 2474 1043 2561 αὐτῶν·ίστορίαις
1064 2476 1116 2542 τόν

104 2599 133 2638 τε
157 2573 289 2659 διωγμὸν
307 2576 358 2638 καὶ
374 2571 409 2637 τδι
428 2575 462 2638 ἕν
480 2570 560 2662 αὐτῷ
578 2571 721 2657 μαρτύρια
743 2577 941 2657 παραδοῦναι,
965 2578 999 2663 οἴ
1011 2599 1044 2660 με
1066 2575 1115 2637 καὶ

103 2668 157 2735 τὸν
187 2668 292 2755 καιρὸν
324 2668 370 2735 ἔντ’
405 2669 524 2754 ἀκριβὲς
556 2669 792 2754 ἐπεσημήναντο,
824 2671 857 2735 ἒν
888 2671 944 2736 ἔτει
969 2696 1115 2736 πεντεκαι·

102 2764 216 2856 δεκάτῳ
248 2775 431 2849 Δομετιανοῦ
467 2766 536 2851 μετδι
567 2772 710 2832 πλείστων
741 2769 848 2853 ἑτέρων
879 2769 930 2834 καί
963 2773 1116 2834 Φλαουίαν
1129 2793 1156 2834 so

100 2869 282 2948 Δομετίλλαν
308 2864 525 2951 ἱστορήσαντες,
558 2867 588 2944 ἕξ
616 2863 749 2949 ἀδελφῆς
775 2875 934 2952 γεγονυῖαν
963 2871 1116 2932 Φλαονίου

100 2959 287 3045 Κλήμεντος,
321 2960 387 3039 ἕνδς
418 2971 477 3028 τῶν
507 2963 646 3048 τηνικάδε
678 2966 727 3030 ἐπί
753 2961 867 3048 Ῥώμης
902 2961 1038 3045 ὑπάταν,
1065 2970 1117 3046 τῆς

100 3063 144 3140 είς
155 3055 285 3142 Χριστὸν
298 3065 457 3142 μαρτυρίας
471 3063 570 3128 ἕνεκεν
583 3065 625 3140 είς
638 3070 732 3145 νῆσον
741 3066 875 3128 Ποντίαν
889 3058 961 3126 κατὰ
972 3065 1114 3146 τιμωρίαν

100 3157 255 3224 δεδόσθαι.
279 3155 333 3244 (cs.
345 3160 389 3237 fr.
402 3155 447 3244 3.)
931 3185 935 3192 ’

495 3261 725 3318 FRAGMENTA

195 3368 226 3436 l.
250 3374 357 3436 Malal.
372 3375 411 3434 II
424 3393 459 3452 p.
473 3374 518 3434 34
536 3375 629 3437 Diod.
658 3369 691 3436 ‘0
718 3373 751 3438 δὲ
774 3371 944 3470 σοφοὶματος
965 3371 1115 3454 Βούττιος,
1129 3395 1155 3438 25

99 3467 247 3551 ἱστορικὸς
269 3467 487 3554 χρονογρᾶφος,
511 3469 642 3549 ἐξέθετο,
670 3465 711 3544 ὥς
740 3466 756 3535 δ
785 3468 874 3547 αὐτὸς
896 3477 993 3548 Πῖκος
1020 3468 1036 3536 δ
1066 3472 1116 3535 καί
1279 3541 1281 3554 ⁴

97 3563 177 3645 Ζεδς
191 3561 285 3634 οὖσαν
298 3565 408 3650 ταύτην
422 3567 582 3648 [Danaen]
597 3567 630 3631 ἐν
643 3570 843 3654 νουβουκλείμ
862 3569 1066 3656 παρακειμένῳ
1080 3573 1115 3652 τῇ
1275 3554 1281 3639 λ
