2670 4058
183 221 249 287 122
543 221 575 278 Ρ.
593 223 734 280 RVTILH
751 223 839 281 evm

369 363 567 420 HISTORIAE
586 364 758 423 dunecan
777 364 1009 422 FRAGMENTA

273 470 305 540 l.
328 478 468 540 Macrob.
487 486 545 541 sat.
564 479 650 560 116,
669 480 714 540 34
750 477 880 540 Rutilius
909 479 1027 562 scribit,
1050 480 1199 544 Romanos

181 567 348 629 instituisse
367 567 525 649 nundinas,
544 575 579 628 ut
597 576 664 628 octo
685 567 806 646 quidem
819 567 925 630 diebus
944 571 976 630 in
993 571 1072 649 agris
1091 572 1199 634 rustici
1323 613 1324 674 η

182 674 258 736 opus
281 655 422 738 Iacerent,
445 673 524 717 nono
548 665 648 718 antem
671 656 720 719 die
742 659 913 720 intermisso
932 675 1004 720 rure
1027 659 1063 720 ad
1086 678 1198 724 merca·

157 800 159 802 ,
181 753 247 807 tum
269 744 410 825 legesque
434 744 621 826 accipiendas
639 745 764 808 Romam
786 748 934 828 uenIrent,
957 755 988 809 et
1006 754 1041 808 ut
1059 751 1133 812 scita
1157 757 1199 811 at·
1322 767 1324 838 q

181 851 239 915 que
270 833 406 896 consulta
434 835 637 914 frequentiore
669 834 779 915 populo
807 836 1008 917 referrentur,
1035 855 1111 917 quae
1144 841 1225 901 tri-a

179 923 396 1074 ppppleippmppe
428 925 630 1003 propositae
659 923 784 1003 singulis
812 931 901 1005 atque
929 927 1079 987 uniuersis
1112 926 1197 988 Iac-ile

118 1083 173 1163 Q
271 1094 305 1163 2.
329 1101 397 1162 Liu.
415 1100 620 1163 XXXVIIII
634 1101 723 1177 52,1
760 1101 929 1183 Scipionem
952 1110 983 1164 et
1005 1102 1144 1184 Polyqus
1168 1112 1198 1167 et
1323 1055 1324 1058 Ἴ

120 1172 170 1222 ⁶⁷¹
181 1189 311 1251 Rutilius
325 1189 383 1251 hoc
402 1208 479 1251 anno
495 1187 552 1267 [M.
571 1193 698 1253 Claudio
713 1191 864 1254 Marcello
882 1194 915 1267 Q.
930 1192 1195 1272 FabioLebeooe]

180 1287 332 1340 mortuum
356 1277 501 1340 scribunt
1211 1303 1238 1346 ro

117 1348 172 1430 1-55.
270 1362 304 1430 3.
327 1370 399 1431 dell.
421 1366 466 1430 VI
476 1369 571 1442 (VII)
589 1369 676 1442 14,8
698 1367 912 1430 Animaduersa
927 1369 1030 1429 eadem
1048 1371 1197 1450 tnIpertita

118 1439 310 1518 ⁵⁹⁹uanetas
328 1466 375 1518 est
393 1459 424 1517 iu
443 1457 540 1519 tribus
560 1457 753 1538 philosophis,
773 1475 849 1537 quos
862 1456 1059 1519 Athenienses
1073 1458 1197 1521 Romam

180 1545 216 1607 ad
250 1552 386 1607 senatum
419 1544 549 1626 [populi]
577 1546 751 1624 legauerant
777 1547 972 1627 inpetratum,
1000 1549 1045 1608 uti
1073 1547 1198 1610 multam

179 1636 356 1716 remitteret,
379 1653 467 1714 quiam
490 1634 603 1710 fecerat
626 1637 652 1695 is
674 1641 798 1714 propter
817 1633 910 1714 Oropi
928 1637 1134 1698 uastationem
1163 1655 1197 1698 ea

179 1723 272 1785 multa
296 1724 393 1785 luerat
416 1723 562 1785 talentum
585 1723 648 1784 lere
672 1725 876 1802 quingentum.
915 1732 1000 1786 erant
1027 1727 1078 1787 isti
1103 1725 1237 1806 philo-1⁵

180 1812 267 1892 sophi
290 1812 456 1874 Carneades
480 1831 516 1873 ex
539 1812 702 1894 academIa,
725 1811 872 1891 Diogenes
900 1815 1026 1896 stoicus,
1050 1813 1197 1876 Critolaus

178 1903 402 1981 peripateticus,
438 1900 477 1962 Et
495 1902 527 1960 in
546 1907 682 1962 senatum
701 1901 822 1980 quidem
845 1901 1010 1964 introducti
1031 1905 1197 1984 interprete

179 1992 228 2051 usi
251 1989 479 2051 surrentino
503 1997 649 2070 senatore,
673 1988 726 2050 sed
745 1997 812 2051 ante
831 1992 890 2069 ipsi
913 2009 1049 2054 seorsum
1069 1995 1197 2073 quisque

180 2078 350 2140 ostentandi
367 2078 461 2157 gratia
479 2096 585 2157 magno
605 2086 757 2141 conuentu
775 2078 930 2142 homiuum
949 2081 1195 2144 dissertauerunt.

179 2167 256 2228 'lum
284 2168 472 2229 admirationi
500 2166 593 2228 fuisse
621 2168 705 2228 aiunt
727 2167 858 2230 Rutilius
886 2178 916 2231 et
938 2169 1078 2251 Polyqus
1101 2170 1195 2250 philo·
1210 2191 1237 2232 ro

180 2255 342 2334 sophorum
365 2257 457 2316 trium
482 2257 530 2316 sui
552 2257 699 2336 cuiusque
718 2260 837 2336 generIs
855 2258 1032 2320 facundIam.
1056 2258 1195 2341 uiolenta,

180 2345 329 2424 lnqqunt,
352 2350 384 2404 et
405 2343 509 2424 rapida
526 2343 694 2429 Carneades
718 2346 844 2427 dicebat,
868 2349 942 2409 scita
960 2357 990 2409 et
1008 2349 1114 2408 teretia
1133 2346 1195 2409 Cri·

178 2432 437 2603 tlolgusldnlomm
454 2432 601 2513 Diogenes
620 2442 651 2495 et
669 2435 777 2497 sobria.
801 2429 858 2520 (ex
874 2439 968 2499 Gellio
983 2437 1121 2498 Macrob.
1138 2443 1195 2500 sat.

118 2573 170 2624 100
240 2567 249 2594 '
315 2568 321 2583 ¹

115 2643 170 2714 ’θῇ
269 2622 304 2689 4.
328 2629 406 2690 Prot.
422 2628 504 2690 Mar.
518 2629 561 2690 28
579 2623 632 2704 Ὡς
650 2628 683 2692 δὲ
697 2625 853 2705 Ῥουτίλιος
870 2631 987 2710 ἱστορεῖ,
999 2624 1035 2692 τά
1049 2626 1103 2709 μὲν
1121 2626 1195 2693 titia
1208 2650 1235 2692 no

179 2717 351 2805 φιλαλήθης
378 2719 455 2806 ἀνὴρ
482 2726 533 2788 καλ
558 2722 695 2808 χρηστός,
724 2729 786 2814 tlte
814 2725 847 2790 δὲ
873 2732 914 2813 τῷ
935 2727 1049 2810 Μαρίῳ
1072 2745 1195 2807 προσκε-

178 2817 323 2904 κρουκάς,
347 2820 465 2903 [φησλη
490 2818 543 2904 ὥς]
567 2824 692 2906 καὶτῆς
714 2823 798 2904 ἕκτης
821 2823 921 2904 ἔτυχεν
945 2819 1094 2904 [Μανίας]
1119 2819 1194 2887 aluc-

177 2919 255 2994 τείας
273 2914 417 3002 άργάριον
435 2921 477 2996 είς
495 2916 547 2997 τάς
566 2918 665 3001 φυλάς
682 2917 856 3003 καταβαλὼν
873 2915 951 2984 πολὺ
965 2919 1015 2983 καί
1033 2916 1195 3002 πριάμενος

1319 1555 1324 1666 l

1319 1745 1324 1848 l

177 3010 210 3079 τὸ
233 3013 386 3080 Μέτελλον
409 3015 564 3101 ἐκκροῦσαι
586 3023 638 3100 τῆς
660 3011 766 3100 άρχῆς,
792 3013 972 3100 Οὐαλλέριον
999 3016 1032 3080 δὲ
1057 3014 1196 3083 Φλάκκον
1316 3061 1324 3102 4

178 3105 328 3193 ὑπηρέτην
351 3117 462 3195 μάλλον
483 3110 503 3196 ἢ
528 3112 713 3197 συνάρχοντα
734 3118 787 3195 τῆς
809 3109 949 3192 ὑπατείας
971 3117 1082 3197 λαβεῖν.
1208 3139 1234 3180 eo
1285 3123 1298 3152 ⁸

268 3204 302 3274 ὅ.
327 3213 406 3274 Prot.
421 3215 524 3291 Pomp.
538 3214 585 3275 37
615 3208 775 3293 Θεοφάνης
798 3211 832 3277 δὲ
850 3213 905 3278 ’καί
922 3209 1083 3277 Ῥουτιλίου
1105 3209 1195 3297 λόγον

178 3301 343 3390 εὑρεθῆναί
364 3327 439 3391 φησι
462 3309 509 3390 [in
527 3310 729 3373 Mithradates
752 3314 871 3389 lc'tteris,
894 3330 971 3390 quos
993 3328 1063 3373 oum
1081 3316 1195 3374 rastrix

179 3415 305 3484 ceperat
323 3406 497 3486 Pompeios]
521 3403 738 3490 παροξυντικὸν
760 3408 809 3473 ert
831 3405 886 3491 τὴν
908 3405 1061 3489 ἀναίρεσιν
1082 3412 1143 3473 τῶν
1159 3409 1194 3472 ἐν

174 3498 257 3589 Ἀσίρι
274 3499 436 3586 Ῥωμαίων.
472 3501 489 3568 ὃ
508 3508 604 3581 καλῶς
623 3503 790 3581 εἰκάζουσιν
807 3509 839 3572 οί
854 3514 982 3572 πλεῖστοι
999 3502 1194 3588 κακοήθευμα

177 3606 230 3666 τοῦ
255 3599 434 3683 Θεοφάνους
456 3597 547 3683 εἶναι,
569 3600 643 3685 τάχα
666 3602 720 3685 μὲν
743 3599 834 3668 οὐδὲν
856 3597 937 3692 αὐτῷ
962 3598 1015 3668 τὸν
1032 3598 1192 3669 Ῥουτίλιον
1206 3631 1232 3672 os

1316 3765 1324 3846 l
