2620 4054
184 209 250 275 308
524 207 551 262 O.
571 207 683 263 PLINII
703 205 861 266 sucviiiii

252 351 352 408 LIBRI
370 349 418 406 DN
437 351 527 406 vira
544 349 720 406 sannvsul
739 347 855 406 clusin
873 348 1133 406 FRAGMENTVM

277 458 309 526 1.
324 464 528 526 Pseud-Aer.
549 465 592 525 od
604 464 712 525 Horat.
729 471 786 525 sut.
797 463 817 524 I
828 463 856 538 2,
872 463 914 522 41
938 461 1096 523 Sallustius
1120 463 1200 522 enim

186 553 311 632 Galspus
333 553 366 613 in
389 551 514 614 Faustae
538 551 614 612 filine
639 550 737 614 Sullae
765 547 912 614 adulterio
935 549 1139 629 deprehensus
1163 550 1200 611 ab

185 643 282 704 dnnio
300 639 408 704 Milone
431 640 555 720 llagcllis
577 658 683 701 caesus
706 657 772 701 csse
795 639 920 701 dicitur:
946 657 1035 720 quem
1053 639 1200 700 Asconius
1308 629 1309 648 ¹

185 729 334 791 Pedianus
358 731 389 792 in
412 732 474 792 uita
498 730 562 790 eius
586 729 741 806 significat.

392 919 435 1006 Ο.
477 918 684 1006 PLINIVS
728 918 997 1008 SECVNDVS

449 1067 677 1124 rasmuonm
696 1067 744 1124 ou
764 1066 939 1125 ursronm

154 1177 187 1245 l.
211 1185 333 1244 Sueten.
347 1183 386 1244 de
399 1185 458 1244 uir.
473 1185 514 1244 ill.
528 1176 711 1266 (dictericis)
720 1202 752 1260 p.
768 1183 811 1244 92
824 1201 867 1260 sq.
882 1183 933 1261 Rs.
956 1184 1072 1246 Plinius
1092 1182 1229 1246 Saeuo-s
1308 1165 1309 1180 ¹

187 1272 244 1332 dus
267 1270 501 1333 Nouocomensis
526 1269 629 1349 [uetus
648 1291 676 1333 a.
697 1271 748 1334 23.
766 1271 848 1351 776]
874 1273 1065 1352 equestribus
1088 1271 1203 1334 militiis

187 1359 334 1420 iudustrie
358 1360 480 1422 functus
502 1361 728 1439 procurationes
751 1379 870 1442 quoquc
894 1361 1148 1441 splendidissimas
1174 1369 1204 1421 ei

188 1451 345 1512 continuas
363 1467 478 1512 summa
496 1451 665 1528 integritate
685 1449 918 1532 administrauit7>
932 1459 963 1512 ct
981 1458 1079 1512 tamen
1099 1449 1205 1511 libera-

188 1537 267 1600 libus
295 1539 402 1600 studiis
431 1546 541 1599 tantam
569 1555 689 1618 operam
717 1538 813 1621 dedit,
846 1549 880 1601 ut
906 1559 966 1602 non
994 1548 1107 1602 temere
1137 1540 1205 1618 quis

189 1626 274 1706 plura
298 1629 330 1688 in
353 1629 413 1688 otio
437 1629 600 1705 scripserit.
624 1630 724 1708 itaque
747 1627 824 1690 bella
843 1630 950 1710 omnia,
968 1647 1044 1709 quae
1063 1646 1204 1708 umquam
1220 1651 1247 1690 ιο

190 1734 258 1776 cum
282 1715 438 1777 Germanis
460 1722 543 1795 gesta
567 1723 651 1797 sunt,
674 1731 722 1778 xx
743 1717 947 1779 nolumInibus
971 1717 1206 1798 comprehendit,
1283 1713 1309 1780 ’,

189 1806 261 1865 item
276 1804 419 1865 naturalis
433 1803 575 1865 historiae
593 1820 717 1868 xxxvn
735 1804 828 1867 libros
851 1805 988 1869 absoluit.
1014 1808 1105 1886 periit
1124 1805 1206 1868 clade

190 1891 374 1973 Campaniae.
399 1892 441 1973 [a.
460 1893 510 1956 ⁷9.
525 1892 610 1973 832]
636 1890 701 1976 (Ee
719 1895 863 1958 Suetonio
882 1895 1008 1973 confuse
1022 1896 1146 1958 Hieron.
1166 1896 1209 1956 ud

193 1999 242 2045 un.
262 1976 348 2044 eleo
367 1985 440 2044 Abr.
456 2009 497 2033 =
511 1983 578 2045 111.
597 1983 665 2045 864
680 2001 711 2062 p.
726 1985 791 2044 165
810 1981 894 2067 Sele.)

157 2064 191 2133 2.
215 2073 293 2134 Plio.
313 2091 357 2150 ep.
373 2072 465 2133 1115
490 2069 547 2149 [dd
567 2071 714 2134 Baebium
737 2072 935 2152 Moerum]l
963 2073 1139 2151 Pergratum
1162 2078 1208 2133 est
1223 2093 1249 2136 ιε

192 2160 266 2222 mihi
289 2161 369 2242 quod
393 2169 451 2221 tarn
476 2160 634 2240 diligenter
657 2161 750 2225 libros
774 2162 915 2224 auunculi
938 2164 997 2223 mei
1020 2161 1150 2243 lectitas,
1174 2170 1208 2222 ut

193 2249 303 2310 habere
331 2267 434 2310 omncs
461 2249 537 2310 aclis
566 2269 764 2333 quacumque,
788 2254 841 2331 qui
871 2253 931 2312 sint
954 2267 1065 2312 omnes.
1102 2251 1209 2329 iungar
1307 2312 1309 2315 ,

193 2338 301 2412 indicis
323 2337 459 2417 partibus
483 2348 571 2418 atque
591 2341 680 2401 ctiam
700 2359 759 2419 qao
778 2343 837 2401 sini
856 2339 960 2401 ordine
979 2341 1085 2418 scripti
1103 2345 1209 2401 notum

195 2426 250 2488 tibi
277 2426 394 2488 laciam:
413 2436 459 2488 est
478 2429 557 2490 enlm
575 2428 649 2489 haec
667 2447 786 2510 quoque
807 2428 948 2490 studiosis
968 2445 1026 2489 non
1045 2427 1208 2490 lniucunda

194 2517 333 2595 cognitio.
375 2511 432 2576 ‘lle
465 2515 641 2579 iaculatione
677 2519 811 2598 equestri
842 2512 937 2578 unus’
967 2549 1009 2562 -
1038 2513 1100 2579 ‘lle
1134 2519 1209 2580 uita
1224 2541 1251 2582 so

194 2604 366 2683 Pomponi
390 2603 547 2668 Secundi
570 2601 664 2687 duo',
687 2624 704 2666 a
727 2624 786 2686 quo
806 2605 997 2686 singulariter
1019 2615 1134 2670 amatus
1152 2607 1209 2668 hoc

195 2695 355 2755 memoriae
369 2695 457 2756 amici
471 2696 557 2775 quasi
570 2694 704 2755 debitum
722 2712 832 2756 munus
850 2695 987 2758 exsoluit.
1011 2692 1210 2758 ‘Bellorum

196 2782 405 2847 Germaniae
430 2778 589 2864 uiginti',
613 2783 723 2862 quihus
745 2786 844 2846 omnia
868 2804 944 2866 quae
966 2805 1036 2848 cum
1055 2785 1210 2847 Germanis

196 2873 344 2952 gessimus
367 2871 443 2933 bella
466 2871 592 2951 collegit.
625 2871 786 2956 inchoauit,
809 2892 878 2936 cum
901 2876 933 2935 in
956 2875 1112 2938 GermanIa
1135 2873 1210 2935 mili-

195 2967 282 3044 tarct,
306 2963 421 3023 somnio
445 2963 589 3023 monitus:
612 2961 727 3024 adstitit
749 2964 778 3024 ei
796 2965 964 3044 quiescenti
977 2963 1067 3026 Drusi
1084 2963 1211 3024 Neronis
1226 2984 1253 3026 ss

196 3049 318 3131 effigies,
343 3051 396 3129 qui
413 3049 587 3111 Germaniae
606 3049 748 3113 latissime
767 3054 866 3114 uictor
884 3053 927 3115 ibi
945 3056 1043 3135 perilt‚
1062 3069 1211 3114 commcn-

196 3139 284 3200 dabat
302 3141 474 3200 memoriam
489 3154 572 3200 suam
587 3139 759 3224 orabatque,
778 3149 812 3202 ut
827 3161 858 3203 se
873 3141 909 3203 ab
928 3145 1036 3204 iniuria
1051 3140 1211 3202 obliuionis

196 3227 357 3289 adsereret.
376 3224 522 3290 ‘Studiosi
539 3225 622 3292 tras’
634 3263 675 3272 —
691 3225 792 3292 ‘nubit
810 3233 956 3292 sermonis
974 3224 1070 3292 octo?
1090 3231 1221 3310 scripsit

197 3315 254 3378 snb
272 3315 390 3379 Nerone
413 3319 585 3379 nouissimis
609 3321 702 3401 annis,
726 3337 795 3381 cum
818 3337 905 3382 omne
924 3319 1092 3381 studiorum
1116 3335 1211 3400 genus

197 3404 285 3486 paulo
312 3403 437 3468 liberius
465 3416 495 3468 et
523 3411 653 3470 erectius
681 3407 883 3488 periculosum
916 3410 1048 3471 seruitus
1081 3410 1211 3470 lecisset.
1227 3433 1255 3474 ao

199 3490 238 3554 ‘A
262 3493 335 3555 fine
354 3495 476 3558 Aulidi
494 3496 597 3558 Bassi
620 3500 772 3576 triginta
796 3493 1099 3561 unus.'—‘Naturae
1119 3499 1212 3560 histo-

197 3583 311 3646 riarum
333 3587 466 3666 triginta·
479 3582 618 3666 septam'.
