2620 4054
195 213 261 278 330
545 211 680 268 uentus
698 199 865 268 mavuvs.'

192 365 247 442 ρᾶς
269 355 365 442 ἀρχὴν
392 359 516 443 ἐγένετο,
544 360 622 423 ἔνθα
650 359 698 423 ἐπὶ
724 365 776 441 τῆς
807 361 1004 443 δημοκρατίας
1025 356 1168 442 πρότερον
1191 356 1208 425 ὅ
1299 327 1300 344 ¹

192 459 286 538 δῆμος
308 454 421 520 συνιὼν
448 457 645 538 ἐκκλησίαζον,
674 452 762 544 ᾠήθη
790 453 843 521 τὸν
870 459 966 522 incer
992 450 1210 521 ιἰιιοσείσοισθαι
1299 531 1300 536 ¹

192 553 246 636 μὲν
268 549 320 618 τὸν
342 555 511 637 Περιίνοικοι
533 555 583 617 καὶ
605 557 704 638 ῥῖψαι,
734 549 814 643 αὐτῷ
838 553 869 618 δὲ
892 552 987 631 ἄλλοις
1015 555 1115 619 ἑστῶτι
1128 551 1209 621 ’ὑπο-

192 653 285 714 δῦναί
308 675 337 714 τι
366 646 458 715 αὐτὸν
485 651 535 714 καὶ
561 648 712 733 ἀράμενον
749 651 797 714 ἐπὶ
828 658 890 728 τοῖς
917 649 1021 728 νώτοις
1048 651 1151 735 φέρειν
1178 676 1208 716 ιε

192 745 333 830 ἀσφαλῶς
351 749 402 812 καὶ
419 754 522 831 στῆναι
540 747 668 832 §efflue
693 749 741 814 ἐπὶ
758 756 810 832 τῆς
829 747 939 836 ἀγορᾶς
957 750 1056 836 μέσης,
1079 751 1110 826 ἐς
1128 746 1235 843 druogo
1299 797 1300 804 ι

191 843 303 926 ὄροντο
325 843 377 910 τὸν
399 851 557 929 Σεοοῆρον
585 843 624 923 ὦς
651 843 710 911 ὑπὸ
738 845 858 912 πάντων
885 845 1017 931 ὁρᾶσθαί
1041 872 1070 912 τε
1098 849 1148 911 καὶ
1171 874 1210 911 τι·
1299 839 1300 848 ¹

191 949 314 1026 μᾶσθαι.
338 939 393 1030 (cf.
413 947 472 1010 Dio
491 948 634 1008 LXXIV
648 943 693 1032 3.)

282 1047 316 1116 2.
341 1055 444 1132 Spart.
465 1057 550 1116 Pese.
574 1057 606 1136 4,
632 1057 653 1117 7
689 1056 722 1117 In
753 1059 815 1118 uita
839 1075 891 1117 sua
916 1056 1048 1118 Seuerus
1071 1055 1144 1116 dicit
1167 1073 1208 1135 se,

190 1144 364 1222 priusquam
388 1143 442 1204 tuti
466 1146 513 1205 sui
536 1143 566 1205 id
590 1148 695 1207 aetatis
722 1145 880 1227 haberent,
911 1154 946 1208 ut
972 1148 1119 1224 imperare
1141 1161 1208 1222 pos·

190 1240 267 1313 sent,
290 1239 493 1310 aegrotantem
514 1233 544 1294 id
568 1235 598 1295 in
623 1237 720 1296 animo
743 1234 892 1316 hahuisse,
917 1243 959 1315 ut,
985 1237 1012 1295 si
1035 1233 1107 1312 quid
1131 1233 1208 1295 sorte
1223 1255 1250 1295 ιο

190 1319 249 1384 sibi
271 1320 437 1402 accidisset,
456 1320 547 1400 Niger
565 1321 748 1386 Pescennius
766 1322 872 1386 eodem
895 1332 926 1385 et
944 1323 1065 1384 Clodius
1084 1321 1208 1384 Albinus

190 1409 398 1491 succederent,
417 1412 471 1490 qui
488 1410 575 1474 ambo
590 1411 703 1474 Seuero
722 1414 894 1491 grauissimi
910 1413 1012 1474 hostes
1034 1413 1208 1473 extiterunt.

122 1509 124 1515 ⁴
190 1493 245 1578 (ef.
266 1499 348 1560 Mer.
368 1499 454 1560 Max.
466 1499 510 1576 sr.
524 1495 587 1582 21.)

281 1590 342 1657 3²⁸.
367 1597 470 1673 Spart.
486 1599 570 1660 Pete.
585 1599 649 1672 5,1
677 1598 709 1668 Si
723 1598 836 1659 Seuero
851 1596 1013 1676 credimus,
1026 1597 1083 1657 fuit
1096 1595 1208 1674 gloriae

191 1683 318 1763 etrpidus
340 1683 439 1766 Niger,
463 1687 524 1747 uita
548 1687 648 1767 fietuS,
671 1686 805 1748 moribus
828 1686 934 1766 turpis,
957 1687 1062 1748 aetatis
1082 1701 1209 1764 proueo
1223 1707 1250 1752 ιι

190 1779 247 1852 tae,
276 1791 345 1945 οοίο
372 1775 403 1834 in
430 1776 589 1853 imperium
616 1778 728 1838 inuasit
760 1769 812 1856 (ex
840 1793 899 1856 οοο
931 1773 1111 1854 cupiditates
1143 1775 1209 1834 eius

191 1863 333 1924 incusat.

279 1955 312 2021 4.
340 1962 434 2037 eapte.
453 1963 533 2022 Clod.
548 1963 613 2022 Ate.
633 1961 693 2035 tr
724 1960 768 2022 dd
788 1962 947 2039 imperium
966 1955 1050 2022 uenit
1069 1959 1208 2038 [electe

190 2046 332 2126 Albinus]
357 2057 427 2111 natu
451 2051 509 2110 iam
533 2049 674 2128 grandior
697 2056 728 2111 et
749 2052 844 2111 maior
863 2049 1027 2112 Pescennio
1050 2048 1151 2128 Nigro,
1174 2056 1208 2108 ut

192 2136 323 2198 Seuerus
345 2139 466 2217 ipsein
489 2140 551 2198 uita
574 2155 627 2198 sna
651 2138 792 2217 loquitur.
1221 2161 1250 2202 ιο

282 2228 748 2313 5*.eantt.t.0t0artt.10,1
779 2236 817 2296 Et
841 2235 973 2296 Seuerus
996 2233 1151 2312 quidem
1143 2250 1207 2310 ipse

190 2323 263 2383 haec
291 2323 328 2383 de
357 2323 461 2384 eodem
491 2322 611 2401 [Clodio
639 2323 759 2403 Albino]
789 2324 935 2403 loquitur,
972 2331 1006 2382 ut
1032 2338 1102 2380 eum
1129 2319 1208 2380 dieat
1299 2345 1300 2408 ι

190 2419 318 2492 turpem,
341 2411 531 2495 malitiosum,
549 2414 718 2494 inprobum,
736 2413 935 2490 inhonestum,
954 2408 1106 2489 cupidum,
1124 2407 1208 2472 luxu·

190 2502 312 2562 riosum.
358 2499 417 2562 Sed
440 2501 513 2564 haec
535 2502 606 2564 belii
628 2512 762 2580 tempore
785 2499 835 2560 uel
857 2509 924 2578 post
947 2496 1065 2579 bellum,
1089 2497 1208 2578 quomo

191 2590 299 2650 eiiam
323 2587 407 2652 uelut
430 2590 466 2652 de
489 2590 575 2653 hoste
599 2591 682 2652 credi
704 2608 763 2650 non
787 2595 913 2669 poterat.
1221 2612 1249 2652 ra

280 2682 339 2749 6²¹⁸.
373 2689 467 2768 Capit.
492 2690 572 2752 Clod.
587 2689 653 2750 Ata.
667 2688 752 2762 11,AE
793 2685 859 2748 Vini
879 2704 949 2748 sane
967 2703 1091 2765 parcum
1114 2686 1207 2748 tuisse
1299 2747 1300 2758 ,

191 2775 264 2836 dicit
288 2775 441 2852 [Clodium
463 2778 580 2840 Cordus
600 2776 642 2854 fr.
665 2774 715 2858 3],
748 2775 826 2855 quod
856 2775 996 2837 Seuerus¹
1022 2783 1122 2856 negat,
1156 2776 1209 2853 qui
1299 2765 1300 2840 i

192 2883 260 2924 eum
279 2864 391 2926 adserit
410 2862 525 2926 ebrium
545 2866 633 2925 etiam
652 2867 684 2926 in
704 2864 780 2926 bello
800 2865 901 2925 fuisse.
938 2864 1013 2926 Cum
1037 2866 1099 2924 suis
1118 2865 1207 2923 etiam
1299 2871 1300 2882 ¹

190 2970 352 3032 numquam
376 2955 517 3015 conuenit
540 2953 590 3014 uel
608 2961 731 3036 propter
750 2953 952 3036 uinulentianr,
972 2961 1005 3014 ut
1025 2952 1098 3013 dicit
1117 2951 1207 3012 Seue·

191 3059 252 3123 rus,
275 3041 325 3103 uel
347 3051 470 3123 proluar
493 3059 610 3103 morum
633 3044 847 3104 acrimoniam·
1221 3063 1249 3104 ιο
1299 3079 1300 3088 1

484 3240 677 3329 uentis
709 3239 923 3330 mutuis

568 3389 828 3446 FRAGMENTVM

130 3502 181 3552 211
284 3495 317 3564 l.
341 3503 443 3579 Spart
464 3505 647 3579 Seu.20,1
675 3503 796 3582 Legisse
819 3519 867 3563 me
890 3501 969 3580 opud
989 3500 1109 3563 Helium
1127 3500 1208 3564 Mau

129 3591 182 3642 964
193 3609 260 3652 rum
279 3589 451 3668 Phlegontis
465 3592 607 3654 Hadriam
624 3591 766 3654 libertum
779 3592 910 3673 memini,
923 3590 1101 3672 Septimium
1117 3590 1210 3652 Seue·

1221 3698 1243 3731 ο
