2670 4058
194 233 259 298 160
531 230 682 287 vendidi
700 230 874 287 ANTIATIS

192 382 361 444 Demetrius
383 381 514 461 Philippi
536 381 624 443 tilius.
655 383 746 443 adicit
764 381 867 442 Antias
886 380 1021 441 Valerius
1038 379 1136 441 Attalo
1160 378 1210 440 ab·

193 473 272 531 senti
285 470 427 548 Aeginam
441 469 569 531 insulam
588 469 821 551 elephantosque
840 470 917 531 dono
937 468 1022 530 datos
1041 476 1072 529 et
1084 469 1210 529 Rhodiis
1310 499 1313 504 ·

194 559 410 620 Stratoniceam
419 559 581 638 Cariaeque
596 559 668 620 alias
682 559 782 639 urbes,
797 577 873 638 quas
883 557 1041 638 Philippus
1053 559 1210 638 tenuisset,

193 646 425 709 Atheniensibus
462 647 575 709 insulas
612 649 695 709 datas
726 646 886 728 Lemnum,
917 645 1064 727 lmhrum,
1095 645 1210 727 llelum,

133 735 328 829 assurum·
352 729 407 818 (cs.
434 739 539 800 erana.
559 737 604 813 [ν.
624 731 692 818 aa.)
1223 753 1239 795 ⁵

130 850 184 919 5‘58'
283 828 342 896 34.
365 835 433 894 Le'u.
451 835 608 896 XXXIII
620 835 675 910 36,
692 835 735 895 13
770 833 804 894 ln
835 852 870 894 eo
903 832 1017 912 proelio
1045 831 1141 911 [quod
1165 834 1209 894 M.

197 924 342 986 Claudias
356 923 526 986 Marcellus
545 927 577 984 in
596 941 674 1000 egro
697 925 834 984 Comensi
850 941 919 984 cum
940 925 1035 984 Gallis
1056 920 1207 1000 conma'sa't]

193 1028 284 1091 supra
317 1013 511 1092 quadraginta
542 1012 622 1074 milia
650 1011 805 1073 hominum
832 1029 917 1072 caesa
944 1010 1078 1072 Valerius
1105 1005 1224 1094 Antias,

193 1099 307 1180 scribit,
325 1103 495 1180 octingenta
519 1109 633 1180 septem
656 1103 740 1180 signa
758 1099 897 1160 militaria
915 1108 1000 1180 capta
1019 1107 1049 1160 et
1068 1107 1208 1178 carpenta

193 1190 380 1269 septingenta
403 1191 525 1268 triginta
548 1189 607 1250 duo
627 1197 657 1250 et
675 1207 782 1250 aureos
800 1197 924 1269 torques
946 1189 1069 1270 multos,
1088 1207 1125 1249 ex
1144 1189 1208 1268 qni»
1223 1207 1250 1249 ιο

193 1277 250 1339 bus
273 1296 366 1339 unum
389 1279 490 1357 magni
511 1278 653 1357 ponderis
677 1277 818 1339 Claudius
842 1277 901 1356 [fr.
921 1278 979 1356 64]
1006 1280 1040 1338 in
1062 1277 1207 1356 Capitolio

191 1365 257 1427 Ioui
279 1367 391 1428 donum
413 1369 445 1428 in
469 1367 541 1428 aede
563 1367 695 1446 positum
719 1366 832 1428 scribit
866 1375 963 1427 castra
987 1384 1023 1427 eo
1047 1366 1095 1428 die
1113 1365 1207 1426 Gallo

191 1473 259 1516 rum
283 1464 449 1534 expugnata
472 1455 648 1535 direptaque
676 1462 707 1516 et
730 1456 854 1517 Comum
881 1456 1024 1536 oppidum
1046 1462 1115 1534 post
1142 1455 1207 1514 dies

191 1561 303 1622 paucos
330 1552 459 1623 captum.
496 1543 615 1606 castella
642 1544 712 1604 inde
740 1544 962 1624 duodetriginta
989 1544 1025 1605 ad
1053 1542 1208 1604 consulem

192 1632 374 1693 deiecerunt.
411 1634 441 1694 ld
465 1651 584 1712 quoque
611 1635 691 1694 inter
714 1635 876 1712 scriptores
904 1632 1077 1713 ambigitur,
1104 1640 1207 1693 utrum
1222 1649 1249 1692 1⁵

190 1722 223 1780 in
245 1719 335 1781 Boios
357 1723 442 1800 prius
466 1739 503 1782 an
525 1721 667 1782 Insubres
691 1721 796 1784 consul
823 1724 987 1784 exercitum
1015 1723 1135 1782 duxerit
1157 1721 1207 1782 ad-

192 1826 371 1890 uersamque
398 1827 543 1890 prospera
570 1828 668 1890 pugna
697 1810 927 1892 oblitterauerit‚
956 1829 992 1871 an
1019 1813 1146 1872 uictoria
1169 1809 1206 1870 ad

130 1939 183 1990 195
192 1896 315 1959 Comum
339 1905 424 1977 parta
447 1899 609 1959 deformata
632 1899 716 1960 clade
738 1902 771 1960 in
793 1899 862 1960 Rois
885 1907 1006 1978 accepta
1030 1902 1077 1960 sit.

129 2012 183 2080 5'5'9
283 1991 342 2059 35.
365 1997 433 2057 Liu.
447 1996 620 2057 XXXIII]
629 1998 715 2072 10,1
746 1996 859 2057 Eodem
882 2005 1017 2076 tempore
1039 1997 1077 2058 M.
1099 1995 1206 2057 Heluio

192 2085 349 2146 decedenti
371 2103 408 2145 ex
432 2084 574 2145 ulteriore
592 2083 733 2166 Hispania
756 2103 826 2146 cum
847 2086 996 2165 praesidio
1020 2103 1072 2146 sex
1091 2085 1207 2147 milium
1220 2105 1248 2145 so

192 2173 260 2235 dato
284 2173 321 2233 ab
343 2175 397 2252 Ap.
421 2171 542 2234 Claudio
566 2182 703 2253 praetore
727 2173 870 2236 Celtiberi
892 2177 1008 2254 agmine
1031 2176 1146 2254 ingenti
1169 2173 1205 2234 ad

191 2260 333 2341 oppidum
351 2260 656 2356 lbturgioccurmnt.
684 2265 793 2342 uiginti
810 2263 891 2325 milia
909 2271 1089 2325 armatorum
1113 2263 1205 2324 fuisse

191 2348 741 2517 balgbiblbgbfifflbrblbnetbrbscrbasesa'
761 2351 903 2432 oppidum
915 2351 1033 2431 lliturgi
1050 2360 1204 2431 receptum
1316 2399 1317 2450 ,

129 2481 180 2530 195
690 2489 697 2502 ·

128 2549 182 2620 ᾗῇ
281 2530 341 2598 36.
364 2538 714 2614 Lao.XXX111115,9
736 2538 871 2600 Valerius
894 2538 996 2600 Antias
1020 2557 1111 2616 snpra
1133 2557 1204 2618 qua·
1218 2557 1247 2599 ss

191 2624 326 2702 draginta
348 2624 428 2686 milia
451 2624 582 2687 hostium
606 2645 690 2689 caesa
719 2646 754 2688 eo
782 2627 830 2688 die
855 2626 926 2704 [quo
950 2647 971 2688 a
998 2628 1111 2689 Catone
1133 2645 1203 2688 oon-

189 2717 255 2774 sule
280 2717 324 2884 αξ
345 2715 506 2793 Emporias
534 2716 666 2794 Hispani
691 2720 769 2778 uicti
792 2713 876 2792 suat]
906 2714 1018 2775 scribit.
1056 2707 1111 2796 (cs.
1139 2716 1202 2776 Cat.

187 2800 231 2876 fr.
250 2801 301 2863 92.
837 2829 839 2832 ·

128 2837 182 2975 {gg
281 2887 340 2955 37.
364 2895 515 2955 Asconio
529 2893 590 2954 Cic.
604 2893 864 2970 cornupetis.
885 2889 948 2951 Hoc
962 2891 1073 2953 factum
1092 2899 1138 2952 est
1158 2909 1204 2952 se·

190 2981 288 3041 cundo
303 2981 459 3042 consulatu
470 2981 618 3061 Scipionis
629 2980 787 3058 [Africani
798 2979 952 3061 maioresL
961 2987 1030 3059 post
1044 2983 1204 3059 septimum
1218 2999 1246 3040 so
1316 3053 1317 3060 ἵ

189 3084 299 3130 annum
320 3088 408 3149 quam
427 3068 721 3148 Carthaginiensibus
739 3067 816 3131 hello
836 3069 967 3132 secundo
987 3068 1053 3130 data
1071 3079 1119 3131 est
1136 3089 1202 3150 pax.

188 3155 301 3217 sactum
323 3158 354 3217 id
382 3175 447 3218 esse
475 3155 574 3219 autem
597 3158 699 3219 Antias
726 3158 818 3219 tradit
843 3157 923 3220 ludis
945 3158 1098 3239 Romanis,
1127 3177 1203 3238 quos

189 3243 326 3306 lecerunt
344 3244 453 3307 aediles
472 3246 593 3308 curules
615 3247 780 3309 Cluilius
800 3247 956 3328 Serranus,
975 3246 1008 3307 1..
1027 3246 1203 3309 Scribonius

189 3331 273 3414 Libo,
296 3341 326 3394 et
348 3333 380 3393 id
403 3353 454 3396 eos
477 3336 584 3396 fecisse
607 3337 692 3396 iussu
711 3353 869 3397 censorum
890 3335 956 3396 Sex.
975 3334 1039 3395 heli
1056 3335 1149 3418 Paeti,
1170 3337 1202 3399 C.

189 3419 308 3482 Corneli
330 3421 440 3504 Cetegi.
477 3432 508 3484 et
535 3424 656 3485 uidetur
682 3426 714 3484 in
741 3423 796 3484 hac
819 3424 941 3503 quidem
964 3425 1097 3487 oratione
1120 3425 1202 3487 hunc
1216 3445 1245 3486 as

189 3519 341 3573 auctorem
364 3521 486 3575 secutus
510 3511 614 3572 Cicero
642 3513 765 3594 dixisse,
789 3529 914 3588 possum
941 3530 1007 3574 esse
1032 3512 1202 3595 Scipionem

189 3603 306 3662 secerni
328 3620 344 3662 a
368 3610 468 3663 cetero
492 3619 633 3662 consessu
657 3598 823 3680 spectacula
847 3608 1027 3664 senatorum.
