2620 4054
198 227 265 292 284
490 225 528 280 M.
547 221 686 280 FABIVS.
724 222 756 279 Τ,
774 221 924 278 LABIENI

540 487 593 572 M.
633 482 867 571 FABIVS

578 633 836 690 rusrmomvu

142 777 146 784 ·
166 742 197 810 l.
222 750 334 826 Hygia.
351 751 388 811 de
402 755 516 810 astron.
527 748 629 826 prees.
653 746 787 827 Hyginus
801 745 838 808 M.
853 746 943 809 Fabio
962 748 1120 828 plurimam
1140 747 1215 810 salu·
1293 765 1294 780 ³

198 846 267 899 tem.
291 837 357 898 Etsi
375 844 405 898 te
424 836 523 898 studio
543 838 750 917 grammaticae
770 838 843 897 artis
861 836 1028 915 inductum,
1043 855 1103 898 non
1121 837 1214 899 solum

199 944 344 988 uersuum
366 928 542 1008 imitatione,
564 945 652 1004 quam
675 927 764 1004 pauci
782 925 988 1008 peruiderunt,
1008 926 1059 987 sed
1078 926 1215 988 historia·

197 1034 264 1076 rum
285 1033 403 1095 quoque
422 1017 576 1096 uarietate,
591 1033 649 1094 qua
669 1015 792 1075 scientia
806 1033 908 1076 rerum
926 1017 1118 1096 perspicitur,
1132 1033 1215 1094 prae-

199 1113 278 1166 stare
297 1105 394 1185 iudeo,
409 1123 484 1184 quae
504 1103 620 1165 facilius
639 1105 728 1164 etiam
743 1105 864 1182 scriptis
882 1106 943 1165 tuis
961 1106 1093 1184 perspici
1106 1112 1243 1186 potesta

198 1193 371 1255 desiderans
394 1195 494 1272 potius
514 1194 659 1254 scientem
678 1211 766 1271 quam
785 1192 938 1254 liberalem
957 1194 1096 1275 iudicem,
1115 1202 1214 1255 tamen

199 1315 237 1326 -
259 1283 316 1344 hoc
335 1281 419 1343 uelut
441 1281 611 1342 rudimento
635 1283 777 1343 scientiae
801 1283 884 1343 nisus
908 1284 1016 1361 scripsi
1039 1281 1074 1342 ad
1098 1290 1137 1364 te,
1155 1301 1216 1343 non

198 1380 232 1432 ut
255 1373 393 1451 imperito
418 1377 587 1431 monstrans
606 1371 658 1432 sed
677 1378 712 1432 ut
730 1372 963 1432 scientissimum
983 1389 1185 1433 commouens.

535 1625 577 1708 Τ.
611 1621 876 1709 LABIENVS
924 1671 927 1678 ν

233 1773 318 1843 (filius
332 1773 379 1828 uel
392 1788 481 1843 nepos
494 1773 584 1842 legati
598 1772 676 1828 illius
690 1772 829 1840 Caesaris,
843 1775 926 1827 mort.
940 1772 1004 1828 fort.
1015 1789 1040 1829 a.
1053 1781 1095 1828 12.
1107 1774 1178 1842 765.)

596 1886 823 1944 TESTIMONIA

164 1996 196 2064 l.
220 2003 325 2064 Senec.
345 2009 441 2064 contr.
457 2005 533 2064 IIII
547 2002 648 2080 praef.
666 2002 688 2062 2
711 2001 872 2085 Labienus,
891 2001 979 2063 homo
999 2004 1108 2063 mentis
1127 2021 1217 2081 quam

195 2090 314 2169 linguae
334 2093 496 2154 amarioris.
520 2099 657 2156 centron.
672 2091 708 2150 X
715 2090 816 2168 praef.
832 2092 854 2151 4
873 2090 915 2152 De
929 2092 962 2152 Τ.
978 2091 1108 2152 Labieno
1123 2094 1215 2152 inter·
1232 2118 1258 2158 1o

142 2209 144 2212 ·
196 2175 329 2257 rogatis?
359 2179 536 2243 declamauit
564 2198 624 2241 non
653 2180 773 2259 quidem
801 2180 910 2260 populo
939 2181 991 2241 sed
1020 2183 1148 2260 egregie.
1173 2214 1214 2222 -

196 2267 356 2346 adfectauit
379 2273 459 2331 enim
482 2271 652 2332 censorium
680 2270 887 2349 supercilium,
916 2287 984 2331 cum
1012 2269 1087 2330 alius
1115 2271 1213 2329 animo

196 2366 288 2419 esset:
319 2377 443 2438 magnus
476 2367 590 2439 orator,
623 2359 675 2437 qui
702 2357 794 2420 multa
826 2358 1038 2439 impedimenta
1069 2358 1217 2420 eluctatus

196 2445 232 2506 ad
256 2446 364 2509 lamam
381 2450 483 2527 ingeni
502 2446 714 2510 confitentibus
732 2450 826 2528 magis
844 2446 1016 2508 hominibus
1034 2455 1216 2526 peruenerat

196 2554 284 2613 quam
303 2536 482 2599 uolentibus.
502 2554 617 2596 summa
636 2545 752 2616 egestas
771 2544 843 2618 erat,
858 2554 972 2597 summa
990 2537 1119 2616 inlamia,
1134 2553 1214 2597 sum·
1233 2562 1262 2602 15

194 2643 276 2685 mum
300 2626 409 2686 odium.
433 2658 476 2666 -
500 2627 592 2686 Nemo
615 2633 686 2688 erat
713 2628 764 2706 qui
791 2644 851 2687 non
879 2644 947 2686 cum
974 2624 1088 2685 homini
1115 2625 1215 2683 omnia

195 2713 341 2795 obiceret,
364 2715 483 2793 ingenio
512 2713 639 2775 multum
664 2714 819 2776 tribueret.
857 2713 944 2775 Color
972 2714 1116 2773 orationis
1139 2713 1226 2774 anti.

196 2821 280 2882 quae,
301 2804 386 2880 uigor
405 2820 513 2884 nouae,
533 2803 632 2865 cultus
651 2805 731 2864 inter
750 2811 885 2864 nostrum
904 2805 937 2862 ac
957 2802 1041 2879 prius
1060 2799 1215 2861 saeculum

194 2892 320 2972 medius,
334 2897 368 2952 ut
382 2890 465 2953 illum
479 2901 582 2971 posset
596 2901 722 2970 utraque
737 2909 806 2969 pars
827 2890 885 2950 sibi
904 2889 1066 2950 uindicare.
1089 2888 1215 2951 libertas

195 2988 284 3060 tanta,
303 2987 337 3041 ut
354 2979 502 3042 libertatis
521 2999 629 3042 nomen
649 2980 806 3040 excederet
825 2989 863 3060 et,
878 2980 947 3058 quia
965 2981 1077 3057 passim
1091 2978 1214 3040 ordines
1230 3004 1259 3043 ao

194 3069 389 3149 hominesque
412 3069 550 3151 laniabat,
573 3068 681 3130 Rabies
706 3077 873 3138 uocaretur.
901 3069 1018 3128 animus
1041 3071 1121 3130 inter
1139 3069 1214 3128 uitia

195 3159 300 3236 ingens
324 3159 410 3220 etad
434 3157 658 3221 similitudinem
681 3159 782 3235 ingeni
806 3159 853 3218 sui
876 3156 1037 3238 uiolentus,
1056 3160 1109 3237 qui
1127 3157 1214 3218 Pom-

194 3248 316 3324 peianos
340 3250 465 3328 spiritus
488 3246 620 3307 nondum
644 3248 675 3306 in
697 3253 779 3307 tanta
801 3263 874 3326 pace
898 3248 1057 3327 posuisset
1097 3245 1131 3307 ln
1154 3245 1214 3306 hoc

194 3336 324 3417 primum
348 3338 513 3414 excogitata
535 3344 582 3396 est
601 3353 678 3397 noua
701 3353 809 3415 poena:
833 3335 972 3397 ellectum
991 3343 1037 3396 est
1056 3338 1137 3396 enim
1157 3352 1215 3413 per

194 3425 332 3485 inimicos
355 3432 389 3486 ut
412 3442 516 3484 omnes
540 3427 604 3485 eius
627 3424 697 3486 libri
720 3424 981 3487 comburerentur:
1007 3442 1056 3486 res
1080 3441 1158 3485 noua
1182 3432 1215 3484 et
1230 3447 1259 3486 na

194 3514 336 3574 inusitata
360 3512 540 3592 supplicium
569 3514 605 3575 de
634 3515 741 3576 studiis
769 3516 856 3575 sumi.
882 3546 919 3557 -
945 3512 1012 3575 Nou
1039 3512 1107 3574 tulit
1134 3512 1214 3573 hanc

194 3600 344 3662 Labienus
359 3601 570 3664 contumeliam
583 3622 639 3666 nec
654 3611 806 3683 superstes
822 3623 887 3667 esse
902 3605 1022 3684 ingenio
1042 3621 1096 3667 suo
1116 3601 1215 3664 uoluit
