2620 4054
118 224 155 280 M.
171 223 360 280 SERVILIVS
375 222 463 279 NON.
482 224 513 281 L.
529 223 670 280 ANNAEI
684 221 849 280 SENECAE
869 223 1004 281 FRAGM.
1016 230 1040 280 l.
1064 223 1129 288 301

301 379 354 463 Μ.
388 375 656 464 SERVILIVS
689 375 922 463 NONIANV
923 375 949 463 S

351 526 417 594 (cos.
438 541 462 581 a.
482 529 526 580 86.
545 529 606 580 788,
625 527 752 580 mortuus
771 529 814 579 88.
833 528 906 594 812.)

510 628 736 686 TESTIMONIA

2 808 4 811 .
72 741 118 808 ι1.
142 749 220 806 Ptin.
243 763 272 806 n.
296 747 324 806 le.
344 745 496 806 XXVIII
510 743 554 804 29
583 742 620 806 M.
640 743 786 806 Seruilius
804 743 970 826 Nonianus,
993 747 1133 826 princeps

120 836 258 897 ciuitatis
286 833 355 896 Tac.
371 851 441 894 ann.
457 833 565 895 XIIII
575 832 617 893 19
636 831 810 911 Sequuntur
828 831 870 912 [a.
889 832 941 895 59.
955 830 1030 915 812]
1055 837 1134 896 niro-

3 961 5 976 ·
120 942 187 984 rum
214 920 377 984 illustrium
404 928 530 1002 mortes,
558 921 679 982 Domitii
706 920 771 983 Alri
798 930 828 982 et
855 921 892 983 M.
917 921 1050 1003 SeruiliI,
1082 926 1135 1004 qui

120 1013 244 1074 summis
257 1009 423 1074 honorihus
438 1018 468 1071 et
481 1009 575 1071 multa
589 1010 759 1090 eloquentia
772 1012 940 1093 riguerant,
954 1010 1003 1072 ille
1023 1012 1133 1074 orando

1 1160 3 1179 q
121 1119 234 1181 causas,
258 1099 404 1161 Seruilius
428 1098 576 1180 diriore,
603 1115 671 1159 mox
694 1099 846 1161 tradendis
874 1099 966 1162 rebus
993 1100 1161 1164 Romaniss

121 1188 247 1251 celebris
271 1197 301 1251 et
324 1188 469 1267 elegantia
493 1191 581 1267 uitae,
605 1205 694 1267 quam
717 1188 872 1250 clariorem
896 1189 1060 1269 effecit-ut
1081 1207 1135 1270 par

121 1279 253 1357 iugenio,
280 1279 322 1338 ita
348 1295 467 1338 morum
494 1277 642 1338 diuersus,
698 1279 782 1339 Pers.
810 1281 876 1339 ulta
899 1273 954 1361 (de
981 1285 1135 1340 comment.

123 1369 218 1430 Protu
247 1360 323 1446 Vol.)
344 1384 375 1444 p.
398 1366 465 1426 234
487 1367 577 1428 Jahn.
598 1385 629 1442 p.
656 1366 698 1425 73
718 1367 809 1441 Rea'ff.
861 1366 958 1428 Coluit
981 1365 1133 1446 [Persius]

122 1463 156 1516 ut
179 1463 295 1535 patrem
318 1453 479 1516 Seruilium
502 1453 678 1515 Nonianum.

88 1539 121 1605 2.
145 1545 223 1605 Ptin.
242 1562 286 1621 ep.
306 1544 431 1618 113‚3
458 1543 599 1604 Memoria
621 1551 779 1622 parentum
802 1542 957 1606 ClaudIum
980 1543 1174 1609 Gaesaremro

122 1633 236 1713 lerunt,
259 1650 327 1695 cum
350 1635 382 1695 in
404 1631 513 1712 palatio
542 1634 721 1712 spatiaretur
748 1632 940 1712 audissetque
968 1632 1135 1716 clamorem,

122 1740 242 1783 causam
255 1723 427 1802 requisisse,
443 1739 570 1800 cumque
586 1720 699 1782 dictum
718 1729 798 1782 esset
817 1724 943 1783 recitare
958 1722 1135 1803 Nonianum,

124 1809 257 1872 subitum
279 1812 419 1871 recitanti
441 1810 685 1889 inopinatumque
709 1812 836 1871 uenisse.

88 1893 122 1960 3.
150 1901 272 1974 Quintil.
290 1899 327 1959 X
341 1897 453 1973 1,102
488 1897 561 1959 Mllri
579 1900 697 1978 egregie
717 1897 826 1959 dixisse
849 1899 970 1960 uidetur
990 1898 1135 1960 Seruilius

122 1987 275 2049 Nonianus
298 2002 386 2065 pares
414 2005 465 2048 eos
490 1985 680 2064 [Sallustium
707 1992 737 2048 et
760 1987 894 2064 Liuium]
923 1990 1017 2066 magis
1046 2005 1137 2066 qnam
1151 2009 1177 2051 ro

124 2075 248 2156 slmiles3
272 2077 325 2155 qui
347 2082 378 2136 et
400 2077 465 2154 ipse
489 2094 505 2137 a
528 2075 614 2137 nobis
637 2075 757 2136 auditus
781 2083 835 2157 est,
858 2076 931 2137 clari
953 2077 1137 2155 uir.ingeuii

124 2173 155 2227 et
181 2166 338 2227 sententiis
366 2163 484 2244 creber,
518 2164 569 2225 sed
597 2166 697 2225 miuus
723 2181 846 2243 pressus
877 2182 966 2245 quam
996 2164 1137 2227 historiae

40 2295 44 2302 -
127 2256 288 2316 auctoritas
310 2253 448 2333 postulat.

89 2335 125 2403 4.
152 2345 246 2408 Tuct't
265 2345 337 2405 dial.
356 2342 399 2403 23
435 2341 524 2402 Vobis
548 2343 651 2420 utique
674 2349 834 2404 uersantur
862 2349 930 2403 ante
953 2341 1056 2404 oculos
1078 2342 1138 2423 isti,

127 2435 178 2511 qni
196 2430 344 2493 Lucilium
362 2450 417 2510 pro
430 2429 552 2492 Horatio
574 2438 604 2492 et
618 2428 792 2492 Lucretium
810 2448 864 2510 pro
878 2429 1007 2510 Vergilio
1027 2429 1137 2511 legunt,
1152 2455 1179 2496 so

127 2519 236 2599 quibus
269 2519 438 2600 eloquentia
466 2517 565 2581 Aufidi
594 2517 678 2578 Bassi
711 2527 762 2580 aut
794 2518 915 2581 Seruilii
947 2518 1073 2580 NonIani
1101 2538 1138 2580 ex

128 2611 346 2686 comparatione
371 2608 514 2669 Sisennae
538 2614 589 2668 aut
612 2605 752 2668 Varronis
777 2607 885 2668 sordet.

397 2724 595 2780 HISTORIAE
614 2723 875 2780 FRAGMENTVM

219 2812 275 2883 1³¹⁶.
308 2822 429 2893 Quintil.
453 2819 488 2880 X
509 2820 625 2896 1,102
665 2819 739 2882 Nam
771 2819 844 2880 mihi
876 2821 995 2898 egregie
1030 2818 1140 2880 dixisse

128 2909 248 2969 uidetur
272 2907 418 2969 Seruilius
440 2908 592 2970 Nonianus
615 2927 702 2988 pares
726 2927 777 2970 eos
797 2906 987 2986 [Sallustium
1007 2907 1139 2969 Liuium·

128 2995 199 3074 que]
224 2998 318 3076 magis
341 3015 431 3075 quam
454 2997 573 3058 similes.
1156 3018 1181 3060 ss

355 3161 400 3247 L.
434 3159 675 3247 ANNAEVS
709 3160 911 3246 SENESA

176 3306 381 3377 (Cordubensis,
401 3321 456 3363 eos.
477 3303 607 3364 suffectus
627 3323 650 3366 a.
671 3313 713 3363 5⁷.
733 3314 795 3380 810,
818 3313 944 3364 mortuus
963 3312 1005 3365 65.
1025 3311 1097 3378 818.)

344 3413 393 3469 DE
412 3412 502 3468 VITA
520 3413 651 3469 PATRIS
669 3411 925 3470 FRAGMENTVM

223 3500 255 3567 l.
289 3507 339 3567 Ex
362 3510 427 3569 cod.
458 3509 986 3586 Vatia.ed.ll'iebnlzr.p.103sq.
1036 3510 1144 3590 Incipit

132 3594 264 3656 eiusdem
288 3596 401 3656 Annaei
420 3595 550 3661 Senecae
574 3598 611 3658 de
630 3600 691 3658 uita
710 3598 804 3675 patris
827 3597 969 3659 feliciter:
993 3599 1143 3660 scribente
