2640 4052
499 227 561 292 211,
581 225 613 276 n
629 251 664 262 —
679 227 740 292 suo,
761 228 802 277 1o.
1089 223 1155 279 XXI

135 365 280 435 piissimae
301 380 393 419 rerum
417 362 609 419 Romanarum
631 365 859 434 antiquitatisque
886 365 978 435 imapo
1000 381 1155 434 repraesen-

137 441 256 502 tarstur,
270 435 444 508 quorundam
462 436 605 500 librorum,
618 436 667 504 qui
680 440 773 504 aperte
786 437 825 491 ast
841 437 986 491 historiam
999 435 1154 492 Romanam

134 509 290 578 portinent,
312 507 469 576 fraumenta
490 507 638 575 composui,
660 506 806 562 Ritsobelii
823 506 1001 577 Retinet-ique
1018 507 1153 573 (Varrou.

138 579 259 634 Studien
278 595 309 647 p.
328 580 366 634 38
373 577 418 645 ff.)
432 579 605 646 potissimum
621 579 724 633 studiis
741 579 774 633 in
791 595 879 633 meum
896 595 977 634 suun
1000 580 1155 634 translatis.

139 648 239 706 Facile
256 649 320 720 ouis
337 649 419 704 etiam
437 649 497 704 alia
514 649 679 718 fraumenta,
697 665 768 718 quas
785 651 948 705 oonuuturis
962 651 1155 719 probabilibus

138 722 179 777 od
195 721 299 776 eosdem
315 721 483 787 reserantur,
500 721 545 774 tio
558 721 764 787 desidmauerit,
782 721 829 776 sul
846 721 926 777 nolui
943 722 1053 776 niodum
1070 723 1154 777 buius

138 792 270 848 editionis
288 791 402 848 oonnlio
416 791 539 860 positum
557 792 689 858 noune,
708 792 801 861 itaque
818 808 853 847 en
869 793 927 847 solo
945 793 1016 848 libro
1033 793 1156 848 XVIII

138 863 296 933 Anaustini
318 863 351 918 os
379 863 490 918 civitate
512 863 556 917 dei
582 863 739 933 fraumenta
761 863 895 932 quamam
919 864 999 918 libris
1021 865 1055 918 cle
1078 871 1155 934 pente

139 935 240 1004 popuii
253 933 385 1001 Romani,
404 949 466 988 aum
478 934 530 988 liae
543 934 650 1003 oripime
667 939 799 1000 carerent,
817 935 932 1001 irssemi,
950 951 1020 1004 quae
1038 937 1108 1004 quin
1121 952 1155 990 eoo

141 1007 181 1062 eis
197 1009 318 1074 repetita
329 1006 395 1070 sint,
408 1021 486 1060 neruo
500 1005 627 1060 dubitare
640 1009 738 1072 potest,
752 1005 787 1059 ab
800 1006 839 1059 eis
853 1010 943 1059 autem
966 1005 1155 1061 Varronianus

139 1077 283 1132 dominos
300 1076 444 1145 relliquiis,
462 1076 562 1145 quibus
579 1091 614 1130 ne
631 1081 728 1130 auctor
740 1076 848 1145 quidem
862 1076 1020 1144 adscriptus
1037 1082 1085 1143 est,
1103 1079 1154 1132 etsi

138 1149 263 1215 inuitus,
290 1163 390 1202 mansu
414 1147 530 1202 cohibui
556 1149 566 1216 77
589 1146 671 1214 2297
692 1152 707 1200 7
731 1163 820 1202 uuuos
846 1147 969 1202 Damnst.
998 1147 1065 1202 unni
1090 1150 1154 1202 suut

140 1219 227 1274 Iatn.
247 1249 280 1262 -
301 1218 521 1274 Interoiderunt:
543 1217 610 1272 hina
633 1218 670 1273 sd
694 1217 833 1273 excidium
852 1217 954 1273 Troius
978 1217 1046 1273 suni
1064 1218 1153 1273 ostin-

140 1289 223 1360 gsnti
239 1289 340 1358 (Iubn)
361 1291 406 1344 uel
428 1290 635 1358 computamus
664 1288 731 1344 lu'no
756 1289 792 1343 ssl
811 1306 868 1345 sxo.
889 1289 935 1343 Tr.
953 1305 1042 1345 suuos
1060 1288 1153 1345 DCCC

138 1361 298 1428 (Ilisltssls).
320 1363 324 1429 7
346 1365 379 1414 12
402 1359 546 1431 Timaeus]
571 1359 735 1429 Thrasyllus
757 1360 873 1416 Fisolur
896 1360 946 1416 Gr.
969 1361 1049 1416 Zeitt.
1069 1378 1099 1430 p.
1119 1367 1152 1416 11

139 1433 200 1488 ooll.
221 1431 303 1488 Olern.
322 1433 402 1488 Alex.
422 1432 443 1485 I
457 1449 486 1501 p.
505 1435 561 1488 335
579 1431 617 1485 D.
638 1434 642 1498 Ι
662 1430 773 1502 Assios]
801 1434 892 1487 suetos
919 1431 1043 1486 Damnst.
1066 1432 1151 1488 Vatis.

139 1502 238 1558 Cratss
256 1503 326 1558 eoni.
346 1503 431 1557 Iabn.
450 1506 460 1570 77
478 1501 535 1556 sos
555 1504 559 1570 7
579 1508 595 1556 2
614 1502 767 1558 Numerum
790 1503 856 1558 libri
880 1504 1025 1558 annalium
1042 1504 1153 1559 interei-

138 1575 298 1630 dissonuit
318 1573 426 1630 Ritsalsl
448 1589 538 1642 opusc.
563 1574 627 1626 III
647 1589 678 1643 p.
697 1577 759 1628 448.
781 1578 786 1643 7
806 1580 824 1627 4
847 1574 990 1644 scriptulis
1014 1574 1126 1630 Putsals.
1148 1575 1150 1646 7

138 1646 239 1702 tiHoo
260 1647 296 1713 fr.
321 1661 355 1700 en
382 1645 532 1700 annalibus
554 1650 692 1713 sumptum
718 1661 772 1700 esse
802 1651 871 1700 recte
894 1645 1002 1701 Ritsolsl
1024 1661 1067 1715 op.
1092 1647 1155 1700 III

134 1733 167 1786 p.
186 1721 241 1774 449
264 1717 403 1772 intuitio
425 1732 486 1785 cap.
509 1716 633 1771 (lolliani
655 1717 800 1782 conclusit,
821 1717 872 1772 ubi
894 1717 959 1772 baso
981 1703 1090 1771 sistam
1108 1733 1154 1771 sx-

139 1788 324 1858 carpebamus
338 1803 373 1842 sx
386 1787 465 1842 libris
479 1787 529 1855 qui
546 1784 672 1842 ohrouioi
685 1787 872 1857 appellantur.
889 1791 893 1856 7
912 1793 943 1841 11
954 1787 1042 1844 Soloi
1056 1788 1152 1843 Veron.

137 1861 177 1915 ad
195 1861 265 1914 Aen.
285 1860 399 1914 11717
418 1859 465 1926 (of.
484 1857 582 1929 Reliiq.
600 1857 728 1927 Inoo)
756 1858 844 1912 Varro
872 1859 995 1914 secundo
1021 1858 1152 1914 historis-

137 1947 202 1986 rum
225 1931 264 1986 au
285 1931 464 1999 antiquitates
485 1930 621 1984 humanas
639 1930 772 1998 pertinet,
800 1930 858 1984 uid.
877 1929 951 1985 Rotli
970 1947 1000 1998 p.
1019 1934 1074 1985 404
1091 1946 1129 1999 sq.
1144 1931 1153 2001 77

137 2001 195 2058 297
217 2004 273 2071 725
299 2002 439 2068 Detlefsen
456 2001 489 2054 im
510 2001 569 2056 inst.
594 2001 671 2064 Ptin.
696 2000 718 2053 I
735 2016 764 2068 p.
785 2005 821 2056 99
844 2002 882 2056 ast
906 2005 1039 2056 oratorem
1061 2003 1153 2069 refert,

138 2075 245 2143 dequo
262 2074 321 2128 nso.
338 2071 491 2127 ilio.Brut.
506 2075 632 2138 33,127.
649 2073 659 2141 77
677 2070 735 2126 299
755 2074 759 2139 7
782 2077 815 2125 16
835 2071 911 2141 Quae
930 2070 1154 2126 229022411-

140 2145 213 2214 burq
227 2143 315 2211 (Hr'st.
340 2143 582 2212 Uutersnobunoen
601 2147 636 2198 A.
655 2142 784 2210 Soliaefer
801 2143 940 2212 quoidmet
961 2159 991 2211 p.
1010 2147 1066 2198 158
1084 2147 1152 2213 sqq.)

138 2221 237 2271 eontra
246 2216 325 2270 illam
335 2215 527 2280 coniecturam,
537 2231 593 2283 aua
603 2213 732 2269 Volusius
738 2213 842 2269 Catulli
850 2219 876 2269 et
888 2214 1029 2269 Tanusius
1038 2213 1154 2270 Senecae

138 2285 825 2427 unu
838 2290 875 2410 s
892 2285 944 2412 n
957 2286 1154 2411 ruunt

137 2431 200 2485 aias
213 2429 274 2499 (oui
287 2429 323 2483 ab
336 2444 366 2484 eo
381 2427 498 2497 Oinpim
511 2428 680 2496 appellatur)
688 2443 749 2482 esse.
768 2427 771 2498 7
788 2431 822 2480 28
836 2397 895 2482 usi.
910 2428 948 2482 act
963 2444 991 2496 p.
1006 2432 1071 2494 107,
1087 2433 1134 2484 26.
1144 2429 1153 2498 7Ι

137 2499 195 2556 241
217 2502 222 2569 Ι
243 2505 277 2554 29
301 2501 337 2567 os.
358 2499 471 2568 Qaezten
488 2500 534 2553 dos
553 2497 631 2554 Plut.
651 2515 681 2566 p.
700 2501 755 2553 137
764 2514 810 2567 sq.
828 2500 839 2566 7
857 2496 913 2553 242
934 2503 937 2566 7
958 2504 993 2552 24
1017 2498 1154 2571 Romulus

137 2574 205 2639 fort.
224 2571 455 2638 timoratorum
468 2570 591 2625 meminit
610 2567 802 2639 Quintilianus
819 2571 883 2624 inst.
900 2569 932 2623 X
949 2574 975 2638 6,
990 2573 1007 2624 4
1020 2571 1030 2638 7
1044 2569 1101 2624 249
1116 2575 1153 2636 74

139 2643 271 2698 Munatii
289 2641 390 2697 librum
412 2642 510 2710 recepi,
524 2642 592 2710 quia
608 2656 667 2694 non
684 2645 798 2707 eorutat,
818 2645 911 2695 amem
925 2642 1007 2695 etiam
1023 2641 1154 2697 historias

137 2715 268 2769 seruierit
285 2731 324 2768 an
345 2713 399 2768 soli
418 2711 531 2766 (latoris
549 2712 720 2777 laudationi,
737 2713 928 2768 obtrectationi
950 2712 1092 2777 (laesarum
1117 2714 1152 2780 of.

140 2785 256 2856 walbu
278 2785 305 2840 d.
325 2785 402 2839 Plut.
417 2799 449 2852 p.
468 2787 505 2839 65
522 2799 560 2854 sq.
581 2786 591 2853 7
610 2781 667 2838 249
687 2784 691 2849 7
714 2790 728 2836 1
747 2783 845 2838 Euan
864 2782 954 2837 Fabii
976 2783 1044 2836 tiber
1060 2787 1170 2840 utrum*

137 2859 172 2912 in
189 2857 272 2912 ussus
290 2855 500 2911 laudationibus
515 2855 660 2924 ponendus
680 2856 717 2909 sit
734 2860 766 2909 nt
783 2854 870 2908 Bruti
892 2858 917 2908 et
936 2853 1075 2908 Oioeronis
1094 2856 1154 2924 (qui

139 2929 223 3011 etiam
248 2929 281 2982 in
306 2927 413 2996 ‹tiatooi
434 2927 525 2993 forma
543 2926 699 2994 consumi
717 2928 788 2993 erat)
811 2942 851 2980 an
874 2925 918 2979 bio
945 2925 1155 3008 enumerantur,

138 2995 373 3137 must.
390 3003 397 3137 7
413 2995 1154 3135 sm...

137 3142 189 3210 oui
211 3141 245 3196 de
267 3141 356 3196 altura
378 3139 548 3208 expeditione
565 3138 736 3193 Britannica
758 3139 866 3207 coquat.
884 3140 895 3208 77
915 3135 972 3192 249
992 3141 996 3208 7
1017 3142 1033 3193 8
1057 3138 1154 3195 Forsi-

139 3219 191 3267 tan
218 3213 281 3282 quit
308 3211 390 3266 4144111
417 3211 483 3266 liuto
510 3210 548 3265 od
572 3209 693 3265 Cornelii
717 3209 804 3264 Balbi
823 3205 990 3278 Ἐξηγητικᾶ
1013 3208 1155 3280 (Voryilii,

138 3283 265 3354 Maorob.
283 3287 334 3337 tat.
354 3282 418 3336 ΙΙΙ
435 3287 462 3347 6,
480 3286 530 3349 16)
545 3281 695 3346 renateriu
719 3286 787 3336 oerto
809 3281 847 3336 ad
864 3280 934 3335 Aen.
951 3280 983 3334 X
994 3284 1049 3335 145
1066 3283 1154 3344 multa

138 3355 174 3410 de
193 3353 286 3424 Capye
303 3352 420 3408 Seruius
438 3353 597 3420 adnotant,
620 3353 713 3421 itoosre
735 3352 817 3408 etiam
836 3351 979 3406 Cornelius
995 3351 1105 3407 Balbus
1122 3353 1155 3407 im

138 3426 230 3480 eodem
249 3425 320 3481 libro
338 3425 421 3479 bosius
438 3425 480 3478 roi
498 3425 579 3488 facile
596 3424 758 3478 mentionem
776 3423 864 3490 faeere
877 3423 979 3492 potuit.
997 3424 1000 3490 7
1017 3426 1051 3477 28
1066 3423 1155 3494 uulgu

139 3513 174 3551 en
192 3497 315 3551 minate
331 3495 495 3550 Bondomus
516 3495 634 3550 addidit.
648 3496 659 3563 7
671 3493 728 3550 249
744 3497 748 3563 7
765 3499 799 3548 27
813 3493 879 3548 Non
896 3498 936 3548 est
947 3493 1072 3561 dubium,
1103 3495 1155 3548 uin

139 3568 224 3623 etiam
242 3582 312 3636 quae
330 3571 460 3622 sesimtur
478 3567 511 3619 in
527 3566 576 3620 too
598 3567 688 3634 capite
707 3565 882 3635 parapraplii
903 3579 937 3619 es
956 3562 1046 3632 Oppio
1095 3566 1155 3634 ypi-

139 3655 229 3709 noqne
246 3643 371 3708 sumptae
387 3638 452 3694 sint.
469 3636 524 3709 729
543 3635 643 3708 Cassii]
669 3653 708 3692 an
730 3633 882 3690 Cusssris?
900 3635 910 3704 7
928 3633 1056 3703 259716
1078 3636 1115 3701 fr.
1135 3639 1154 3689 8
