2638 4056
174 189 238 256 208
489 189 526 245 tt
546 188 670 245 TVLLII
687 185 879 244 CICERONIS
919 231 924 242 .

174 358 234 404 noa
251 341 413 402 excitatum
434 355 501 400 esse
525 337 561 401 ad
585 335 777 398 scribendum
800 334 853 398 serl
876 338 965 398 etism
988 335 1074 415 plano
1093 333 1191 396 deter-

174 430 274 490 ritum.
311 425 383 507 quid
407 422 548 506 quaeris?
578 424 757 488 conturbaui
780 424 922 486 Graecam
946 427 1104 488 nationem.
1141 425 1192 510 ita,

174 515 264 595 uulgo
292 517 345 597 qui
371 514 535 594 instabant,
558 524 592 576 ut
619 513 721 576 darom
748 512 819 594 sibi,
847 512 926 595 quod
955 519 1110 595 ornarent,
1132 515 1191 574 iam

174 603 316 668 exhibere
339 603 413 666 milti
435 603 599 665 molestiam
622 601 811 664 destiterunt.
843 602 898 684 Tu,
923 604 949 664 si
967 600 1023 664 tibi
1043 601 1191 682 placuerit

174 691 259 774 liber,
278 691 407 774 curabis,
430 699 465 754 ut
487 698 518 754 et
536 689 660 753 Athenis
679 692 719 752 sit
737 700 768 752 et
786 693 817 752 in
836 693 946 753 ceteris
965 690 1082 772 oppidis
1101 689 1216 754 Grac-⁵

174 783 246 844 ciae.
265 782 387 844 uidetur
405 783 485 842 enim
503 797 591 860 posse
610 779 722 861 aliquid
741 781 853 842 nostris
870 780 962 844 rebus
980 779 1057 842 lucis
1075 779 1190 842 afferre.

173 874 225 933 Ad
239 873 339 946 Quint.
351 869 394 948 fr.
410 869 510 946 1116,
524 870 546 929 6
560 865 678 950 [script.
693 887 721 931 α.
736 869 789 930 54,
802 867 886 950 700]
904 867 1135 950 Quomodonam,
1149 870 1191 930 mi

174 960 275 1041 frater,
293 959 330 1020 de
349 960 460 1022 nostris
479 955 617 1021 uersibus
635 955 682 1036 [ο]
702 955 831 1022 Caesar?
848 978 916 1021 nam
935 961 1065 1040 primum
1080 956 1191 1020 llbrum

175 1047 223 1130 [α]
248 1067 280 1110 se
304 1047 412 1130 legisse
436 1047 557 1129 scripsit
579 1045 615 1110 ad
639 1065 687 1108 me
711 1055 788 1129 ante,
811 1055 842 1110 et
860 1050 957 1130 prima
975 1050 1027 1130 sle,
1050 1056 1085 1111 ut
1101 1054 1191 1128 neget

175 1155 207 1199 se
230 1156 268 1199 ne
287 1135 399 1200 Graeca
423 1137 544 1220 quidem
567 1135 690 1198 meliora
707 1135 830 1218 legisse:
853 1136 967 1219 reliqua
986 1135 1022 1200 ad
1043 1136 1190 1218 quendam
1205 1148 1230 1189 ¹⁰

174 1224 273 1288 locum
296 1221 499 1314 ρμθομότεραι
521 1226 579 1288 ltoc
603 1226 683 1288 enlm
706 1227 802 1290 utitur
825 1226 927 1292 uerbo.

139 1369 174 1439 ὅ.
201 1379 283 1441 cass.
303 1379 360 1441 Dio
379 1377 583 1440 XXXVIIII
594 1378 640 1438 10
671 1379 787 1456 Καῖσαρ
810 1371 915 1439 δὲτινὶ
938 1371 1075 1456 Κράσσος
1096 1371 1191 1450 ἄλλος

174 1472 229 1556 μλν
245 1471 423 1562 ἤχθοντο
394 1479 435 1537 τῶ
449 1473 607 1556 Κικέρωνι,
626 1469 763 1555 σπουδὴν
781 1469 810 1536 δ’
827 1464 883 1537 οὖν
900 1495 966 1534 τινα
983 1468 1076 1537 αὐτοῦ
1095 1471 1190 1556 ἔσχον,

175 1568 276 1654 ἐπειδὴ
295 1568 414 1691 ρτοὶντως
430 1567 656 1653 ιιαθήξοντα’
619 1567 711 1636 αυτδν
732 1567 876 1657 ᾔσθοντο
904 1567 1005 1634 καί
971 1596 1028 1654 γαρ
1042 1595 1059 1635 o
1047 1565 1190 1650 ’Καῖσαρ

173 1665 259 1734 ταδ’
242 1665 329 1735 αττιδν
348 1665 470 1734 εὔνοιάν
488 1692 553 1732 τινα
575 1665 654 1758 αὐτῷ
673 1668 848 1750 ἐνεδείξατο,
866 1693 904 1732 ου
892 1663 1042 1788 ’μίντρι
1038 1665 1143 1732 ταδ’
1105 1693 1191 1752 χαριν
1205 1681 1230 1722 1⁵

174 1763 318 1850 οὐδεμίαν
341 1762 513 1850 ἀπέλαβον.
535 1762 702 1844 ἐκεῖνος
669 1791 728 1884 γαρ
748 1762 835 1832 τοῦτό
856 1789 886 1830 τε
908 1761 965 1832 οὖν
987 1761 1047 1830 ιἰττδ
1070 1762 1190 1850 γνώμης

174 1870 255 1946 σφᾶς
280 1861 478 1947 νενοηκότος
503 1861 590 1942 ελδδς
616 1864 667 1928 τιαλ
693 1869 745 1946 τῆς
771 1867 872 1948 φυγῆς
898 1859 1087 1940 αἰτιωτάτους
1107 1887 1189 1948 γεμο·

174 1962 259 2028 νίναι
281 1965 410 2045 νομίζων
432 1963 466 2028 ἐν
488 1962 587 2044 μέντοι
608 1967 662 2026 τοῦ
683 1985 860 2043 ττροφανονς
882 1957 920 2027 οὗ
938 1958 1020 2026 πάνυ
1041 1957 1117 2044 ττρὸς
1139 1958 1190 2028 αὖ·

173 2056 243 2138 ιοδς
265 2058 461 2142 ίθρασιλνετο,
488 2058 538 2126 ἅτε
558 2060 610 2124 ναί
632 2064 692 2124 τῶν
713 2065 766 2140 τῆς
787 2055 917 2142 διιροὶτον
939 2062 1106 2142 παρρησίας
1127 2060 1191 2124 ἐντι-

173 2164 309 2240 τιαρττιοῖν
326 2157 430 2222 νεωστί
442 2156 666 2238 πεπειραμένος,
679 2159 822 2238 βιβλίον
835 2155 973 2237 μέντοιτι
987 2150 1191 2238 ἀπόρρητον
1205 2172 1231 2212 ²⁰

174 2255 325 2337 συνέθηκε
346 2254 397 2319 τιαλ
419 2254 587 2339 ἐπέγραψεν
609 2251 689 2343 αὐτῷ
716 2250 756 2331 ὥς
783 2255 834 2318 ιιαλ
859 2253 941 2336 τιτρλ
966 2258 1035 2318 τῶν
1062 2254 1190 2319 ἑαυτοῦ
1305 2299 1318 2320 ι

175 2348 429 2436 βουλευμάτων
450 2349 651 2435 τἰιιολοηισμδν
672 2376 739 2417 τινα
761 2353 864 2436 ἔχοντι.
900 2345 993 2415 cotti
1021 2348 1056 2414 <li
1078 2348 1117 2434 δὴ
1141 2353 1191 2415 sai
1317 2379 1318 2398 ι

175 2446 259 2515 tavi
291 2449 321 2527 ἐς
352 2446 424 2515 αὖτδ
457 2449 507 2514 καί
537 2450 603 2532 ττερλ
636 2446 759 2515 ἐκείνων
790 2448 840 2513 καί
870 2446 937 2530 ττερί
968 2445 1066 2512 ἄλλων
1101 2455 1192 2514 τινῶν

174 2547 318 2630 συνένησε
347 2548 397 2613 τιαλ
427 2543 477 2612 διδι
505 2553 591 2614 τοῦτο
620 2548 784 2632 φοβηθείς,
813 2543 853 2628 μὴ
882 2544 933 2609 sol
962 2549 1070 2624 ζῶντος
1099 2544 1191 2612 αὐτοῦ

174 2641 347 2732 ίιιφοιτήση,
369 2641 590 2729 κατισημήνατό
616 2669 645 2711 τε
672 2641 744 2710 αιίτδ
771 2643 821 2708 καί
847 2643 1001 2726 ττοιρίδωιιε
1027 2649 1068 2734 τῷ
1094 2646 1189 2724 παιδί,
1204 2661 1231 2701 2⁵
1317 2679 1318 2728 3

174 2740 340 2828 προστάξας
362 2745 395 2810 οί
414 2739 481 2828 μήτ’
505 2739 677 2826 σἰναγνοῖναι
699 2740 770 2826 μήτε
793 2744 985 2825 δημοσιεῦσαι
1011 2737 1047 2806 τδ
1069 2766 1190 2826 ηεμραμ-

175 2841 261 2925 μένα,
282 2843 353 2925 ττρλν
375 2836 415 2906 δν
438 2839 606 2925 μεταλλάξῃ.
635 2843 675 2922 cs.
695 2845 791 2906 cicer.
806 2845 922 2906 odAtt.
937 2843 1018 2919 116,
1032 2843 1054 2904 2
1073 2840 1147 2921 [scr.
1162 2860 1189 2904 ο.

174 2941 227 3002 59.
239 2939 317 3020 095]
329 2941 433 3021 ltaque
447 2935 602 3020 δνίτδοτο,
610 2958 685 3020 quae
701 2939 756 3002 tlhi
769 2941 823 3004 uni
836 2939 978 3021 legamus,
988 2940 1191 3020 TheopompIo

174 3047 284 3110 gonorc
308 3038 359 3094 aut
381 3031 472 3094 etiam
494 3031 645 3110 asperlore
667 3028 761 3092 multo
779 3038 955 3110 pangentur.
989 3047 1088 3110 neque
1110 3029 1191 3091 aliud
1306 3069 1317 3092 ι,

175 3121 235 3182 iam
248 3118 410 3200 quidquam
423 3113 622 3198 τωλιττυόμαι,
636 3119 695 3180 uisi
709 3118 808 3200 odisse
827 3119 988 3199 improbos,
1003 3127 1033 3182 et
1047 3118 1189 3197 idipsum
1205 3133 1233 3173 το

175 3207 256 3270 οιιλΙο
290 3227 359 3270 cum
394 3208 559 3287 stomacho,
592 3207 644 3268 sed
676 3209 776 3287 potius
808 3225 878 3270 cum
909 3207 1008 3287 aliqua
1040 3205 1191 3269 scribendi

175 3295 337 3376 uoluptate.
360 3297 540 3372 XIV14,5
560 3294 633 3374 [scr.
652 3313 681 3358 ο.
695 3298 749 3358 44.
768 3295 846 3375 710]
869 3295 908 3358 Iit
925 3295 1055 3359 hortaris
1078 3314 1135 3377 me,
1158 3304 1191 3358 ut

175 3384 317 3448 historias
331 3383 482 3450 scribam?
501 3392 535 3448 ut
548 3383 684 3465 collIgam
698 3395 898 3448 tentatorum
912 3383 1034 3466 scelera,
1049 3402 1065 3445 a
1080 3384 1190 3466 quibus
1316 3415 1317 3418 ¹

176 3475 265 3538 ctiam
279 3493 359 3538 nunc
374 3470 568 3538 obsidemur?
582 3474 634 3555 17,
645 3475 667 3538 6
680 3475 805 3538 Librum
818 3491 919 3536 meum
933 3473 1016 3536 illum
1029 3468 1189 3536 ἀνέκδοτον

175 3563 317 3646 nondum,
336 3572 370 3627 ut
388 3563 479 3646 uolui,
497 3561 653 3646 perpoliti.
677 3566 734 3626 ista
752 3581 835 3642 uero,
854 3580 930 3643 quae
949 3571 982 3626 tu
1002 3564 1189 3644 contexistis,
1205 3580 1233 3622 ss
