2640 4052
200 261 244 328 54
534 262 571 319 Μ.
590 258 712 317 eonon
730 255 887 318 aaronis

201 431 274 493 pace
289 411 459 493 diligentiae
474 410 594 472 Catonis
609 410 744 492 dixerim,
758 413 809 472 nix
828 410 1007 472 crediderim
1025 417 1085 471 tam
1099 418 1217 472 mature

201 508 313 563 tantam
333 500 437 562 urbem
457 502 599 582 creuisse,
622 499 769 581 floruisse,
788 500 964 580 concidisse,
983 501 1193 562 resurrexisse.

291 586 394 651 70**.
428 591 515 652 Sera.
545 593 588 651 ad
615 590 687 651 Aea.
712 589 771 650 III
788 589 857 649 402
902 589 951 650 Ait
983 587 1068 669 Cato,
1100 607 1116 650 a
1149 589 1216 650 Phi·

200 679 308 740 locteta
331 679 450 740 condita
473 681 532 739 iam
551 677 666 757 pridem
685 680 807 740 ciuitate
827 675 991 757 [Peteliae]
1015 695 1132 739 murum
1152 686 1215 739 tau·

201 776 265 830 tum
289 769 407 831 sactum.
1231 787 1244 828 a

291 853 347 919 7l.
373 859 462 919 Proh.
478 861 509 918 e'a
531 858 618 933 Vera.
633 858 729 919 bacol.
741 876 771 934 p.
787 858 810 917 4
823 859 861 917 K.
886 855 960 917 ltem
974 855 1046 917 Cato
1067 857 1217 936 originum

199 945 252 1008 Ill:
275 943 481 1028 †Thesenuti
499 945 640 1007 Tauriani
662 954 810 1008 uocantur
832 946 869 1006 de
888 944 994 1026 fluuio,
1019 947 1069 1025 qni
1092 951 1217 1025 propter
1303 985 1304 1026 p

198 1035 273 1097 fluit.
297 1036 327 1097 id
351 1036 493 1116 oppidum
512 1037 645 1097 Aurunci
667 1036 764 1115 primo
787 1034 995 1116 possederunt,
1018 1034 1087 1095 inde
1106 1033 1217 1095 Achaei
1303 1067 1304 1074 .

199 1125 287 1186 Troia
311 1125 432 1186 domum
455 1124 624 1186 redeuutes.
656 1126 687 1184 lu
711 1142 816 1186 eornm
840 1141 910 1204 agro
938 1123 1024 1184 fluuii
1052 1130 1122 1184 suut
1149 1141 1217 1205 sex;

198 1217 344 1294 septimus
367 1215 455 1276 finem
474 1212 641 1293 Rheginum
666 1220 754 1293 atque
773 1213 936 1275 Taurinum
955 1213 1107 1294 dispertit3
1130 1211 1217 1274 llnnii
1232 1234 1256 1274 ro

197 1322 307 1365 nomeu
326 1312 372 1364 est
391 1301 500 1364 Pecoli.
524 1301 567 1363 Eo
584 1301 720 1364 Orestem
739 1321 808 1364 cum
827 1301 978 1382 Iphigenia
998 1309 1087 1381 atque
1106 1300 1215 1381 Pylade

199 1393 303 1454 dicunt
326 1399 490 1453 maternam
514 1409 618 1453 necem
642 1392 791 1470 expiatum
811 1394 940 1472 uenisse,
964 1399 994 1452 et
1016 1409 1077 1452 nou
1100 1390 1214 1469 lougiu-

199 1499 257 1562 qua
280 1484 422 1543 memoria
446 1487 504 1561 est,
535 1498 604 1541 cum
631 1482 662 1541 in
686 1479 793 1541 arbore
822 1498 924 1541 ensem
948 1480 1101 1560 uiderunt,
1125 1498 1215 1610 quem

199 1570 321 1632 Orestes
344 1569 448 1631 abiens
470 1568 630 1648 reliquisse
654 1569 772 1631 dicitur.

289 1653 346 1722 72.
370 1662 513 1783 Festosus.
528 1677 557 1720 a.
572 1676 705 1735 oreaep.
720 1658 782 1719 182
796 1658 839 1719 M
863 1657 935 1719 Cato
954 1657 1140 1738 originuml.
1159 1605 1214 1719 lll:
1231 1677 1254 1718 15

196 1840 320 1900 Aristot.
344 1839 421 1900 rhet.
446 1838 485 1897 II
503 1837 572 1910 20.)

288 1922 307 1987 7
312 1922 346 1989 3.
373 1927 444 1989 Gall.
460 1927 562 1987 XVII
571 1927 620 2001 13,
635 1927 657 1987 3
674 1925 718 1986 Ex
734 1944 792 2006 qno
811 1925 860 1986 illa
875 1926 1052 2005 significatio
1067 1924 1109 2002 [a.
1125 1924 1213 2003 qaia]

197 2035 258 2078 uon
273 2015 422 2098 abhorret,
437 2033 513 2096 quae
529 2015 620 2077 estin
635 2017 723 2077 tertia
737 2017 853 2094 origine
868 2013 906 2076 Μ.
921 2013 1053 2076 Catonis:
1067 2014 1146 2075 Haut
1160 2031 1213 2074 eos

199 2139 238 2150 -
252 2125 286 2166 co
296 2113 482 2184 postremum
497 2102 606 2184 scribo,
617 2106 690 2184 quin
704 2103 807 2184 populi
821 2111 851 2165 et
865 2103 937 2165 honi
951 2112 981 2165 et
996 2105 1111 2165 streuui
1125 2105 1212 2164 sient.
1227 2127 1254 2168 so

288 2188 345 2255 74.
373 2195 490 2256 Charis
510 2194 577 2270 Ip
600 2194 703 2254 731(
733 2193 804 2254 Cato
828 2195 977 2272 originum
1000 2192 1053 2254 lll.
1076 2192 1213 2271 Laserpi-

198 2285 273 2344 tium
296 2301 351 2362 pro
374 2281 573 2363 pulmentario
597 2281 695 2343 hahet.

289 2367 346 2433 75.
374 2373 491 2433 Charis
512 2373 533 2431 I
547 2390 578 2447 p.
596 2372 691 2432 73K.
725 2371 853 2432 Cato-
817 2373 900 2432 -in
924 2371 1030 2432 eodem
1048 2364 1213 2453 (originum
1303 2393 1304 2426 r

199 2457 267 2540 lll):
290 2459 384 2522 Multo
407 2458 561 2538 pulmento
584 2461 641 2521 nsi.

288 2545 391 2610 76**.
415 2550 504 2611 Sera.
524 2552 567 2610 ad
584 2550 657 2611 Aea.
679 2549 779 2610 VIIII
791 2549 858 2610 603
881 2547 980 2610 ltaliae
1004 2546 1160 2627 disciplina
1184 2556 1214 2609 et
1229 2589 1255 2630 25

197 2640 260 2700 uita
278 2638 424 2720 laudatur,
443 2656 531 2718 quam
550 2646 580 2699 et
595 2637 668 2699 Cato
686 2639 717 2699 iu
732 2637 898 2718 originibus
917 2645 947 2698 ct
965 2636 1057 2698 Varro
1076 2639 1107 2698 iu
1126 2645 1215 2716 gente

197 2727 301 2808 populi
324 2727 449 2788 Romani
472 2725 528 2805 [fr.
552 2725 612 2805 20]
637 2734 856 2788 commemorat.

572 2915 627 2971 EX
644 2915 774 2972 LIBRO
793 2915 845 2971 lllI

290 3026 347 3094 77.
374 3033 446 3094 Gell.
462 3030 566 3106 1128,
582 3030 604 3090 6
631 3028 726 3091 Verba
745 3029 865 3092 Catonis
884 3048 920 3090 ex
939 3030 1088 3109 originum
1107 3036 1214 3108 quarto

198 3120 271 3181 haec
295 3128 377 3182 sunt:
400 3118 467 3180 Non
489 3118 572 3181 luhct
595 3118 737 3201 scrihere,
760 3119 839 3198 qnod
863 3121 894 3179 in
918 3116 1017 3179 tahula
1040 3116 1118 3197 apud
1142 3134 1214 3196 pon-

198 3209 309 3270 tificem
328 3210 488 3270 maximnm
508 3217 563 3289 est,
578 3210 717 3288 quotiens
736 3227 852 3270 annona
871 3226 948 3288 cara,
967 3208 1106 3286 quotiens
1124 3205 1213 3266 lunae
1228 3230 1255 3270 eo

198 3306 250 3358 aut
273 3296 344 3358 solis
367 3296 479 3358 lumine
503 3297 596 3377 caligo
620 3305 671 3359 aut
694 3297 766 3378 quid
790 3297 948 3359 obstiterit.

289 3381 346 3448 78.
370 3388 447 3448 Fert.
461 3405 484 3448 s.
499 3405 528 3448 a.
543 3391 678 3464 mapalia
688 3386 801 3464 3.·146
816 3387 857 3446 Μ.
881 3385 953 3447 Cato
973 3385 1122 3465 originum
1136 3382 1214 3444 libro

198 3483 317 3556 quarto:
349 3474 472 3554 llapalia
500 3482 647 3537 uocantur
674 3475 726 3538 uhi
752 3475 886 3537 habitant
909 3473 1047 3554 [Poeni]‚
1070 3492 1104 3534 ea
1128 3474 1215 3552 quasi

198 3564 337 3626 cohortes
365 3564 510 3625 rotundae
538 3573 616 3625 sunt.
641 3591 683 3614 ==
707 3566 794 3627 Sera.
830 3567 874 3625 ad
898 3562 1101 3626 ,4331421
1142 3561 1214 3623 Cato

199 3655 347 3733 originum
371 3652 494 3733 magalia
518 3653 650 3714 aedilicia
674 3655 759 3733 qnasi
782 3662 900 3715 coortcs
918 3652 1062 3714 rotundas
1085 3651 1167 3712 dicit.
1228 3673 1254 3714 ss
