2620 4054
438 241 665 298 TESTIMONIA
685 248 762 296 1-7.
1042 241 1106 305 287

91 395 169 454 rium
193 393 283 453 dedit.
306 392 491 454 irascebatur
514 390 558 451 illi
580 390 618 452 ob
642 409 736 452 arnum
759 399 811 452 aut
833 391 960 452 alterum
984 390 1108 451 liberius

90 483 217 563 dictum,
241 481 321 562 quod
344 483 454 543 tacitus
477 481 556 541 serre
581 498 640 540 non
663 487 803 560 potuerat
826 479 966 541 Seianum
989 481 1021 540 in
1045 497 1108 540 cer-

91 574 173 632 uices
201 579 319 632 nostras
348 577 389 631 ne
411 572 517 648 inponi
540 569 660 649 quidem
688 569 741 630 sed
765 569 935 631 escendere.
966 570 1108 631 decerne-

91 660 179 721 batur
197 659 240 721 illi
259 667 356 720 statua
375 651 555 738 in'Pompeii
573 658 690 719 theatro
709 651 855 741 ponenda,
869 659 949 739 quod
969 666 1108 720 exustum

90 749 198 811 Caesar
222 749 384 810 reficiebat.
421 747 598 809 exclamauit
621 746 735 808 Cordus
760 757 831 810 tunc
855 765 927 809 uere
957 747 1134 809 theatruma

89 842 188 918 perire
212 846 243 899 et
266 857 294 919 q.
318 856 340 898 s.

53 947 88 1015 4,
113 938 195 998 Suet.
219 937 281 998 Tio.
302 937 343 997 61
371 934 529 996 Obieetum
553 943 583 996 et
605 934 763 1013 historico,
786 934 865 1013 qnod
888 934 1014 996 Brutum
1039 933 1107 996 Cas·
1222 981 1225 988 ,

57 1053 63 1057 ·
91 1028 227 1104 siumque
247 1025 368 1087 ultimos
382 1023 584 1085 Romanorum
598 1024 737 1104 dixisset3
751 1023 992 1085 animaduersum
1006 1025 1107 1084 statim

89 1116 121 1174 in
144 1122 282 1175 auctores
311 1116 482 1194 scriptaque
505 1111 627 1193 abolita,
651 1115 788 1192 quamuis
815 1111 1016 1191 probarentur
1039 1120 1106 1173 ante

89 1202 202 1282 aliquot
224 1221 317 1265 annos
341 1205 429 1264 etiam
452 1202 586 1280 Augusto
610 1201 749 1263 audiente
773 1203 905 1262 recitata.
1121 1222 1147 1260 ιο

54 1313 88 1380 5,
113 1301 219 1362 Senes.
233 1305 252 1362 l.
266 1319 289 1362 a.
304 1320 331 1362 c.
345 1301 434 1375 26,'5
456 1299 523 1377 [ubi
544 1301 675 1361 Cordum
689 1306 889 1376 personatam
908 1298 990 1374 facit
1003 1299 1107 1360 dicen-

91 1389 161 1468 tem]
190 1388 316 1450 lnuabat
342 1392 433 1450 unius
455 1408 502 1450 me
531 1388 643 1451 saeculi
665 1389 742 1449 iacta
765 1405 935 1467 conponere
962 1389 994 1447 in
1021 1393 1109 1466 parte
1162 1373 1172 1392 ⁶

89 1477 193 1540 ultima
211 1479 316 1540 mundi
333 1487 364 1540 et
386 1481 466 1540 inter
483 1481 680 1558 paucissimos
703 1485 794 1557 gesta.
827 1476 882 1554 §1
904 1476 979 1538 Puta
1006 1478 1107 1555 itaque

89 1585 127 1627 ex
149 1566 199 1627 iila
222 1585 290 1630 aree
314 1567 436 1629 caelesti
457 1575 573 1648 patrem
592 1575 678 1628 tuum
692 1599 735 1610 -—
750 1584 810 1627 non
828 1565 879 1626 iilo
898 1567 1027 1646 ingenio,
1047 1583 1108 1644 qno

90 1655 190 1717 ciuilia
213 1656 289 1718 bella
312 1657 447 1735 defleuit,
472 1676 530 1737 quo
558 1656 775 1736 proscribentis
802 1657 834 1715 in
862 1664 1018 1718 aeternum
1040 1656 1146 1733 ipse1⁵

89 1748 276 1827 proscripsit,
293 1777 330 1788 —
347 1746 457 1806 dicere.
471 1779 515 1789 -
529 1745 550 1822 ξ
563 1746 585 1805 3
603 1745 666 1824 Ego
680 1745 755 1805 nihil
774 1748 805 1804 in
824 1763 871 1804 me
885 1747 1025 1824 cuiquam
1039 1760 1106 1822 per·

89 1836 159 1896 misi
173 1843 203 1894 et
216 1834 283 1894 cibo
297 1833 466 1915 prohibitus
485 1835 602 1895 ostendi
616 1844 676 1895 tam
695 1851 801 1912 magno
815 1851 863 1893 me
878 1851 967 1912 quam
981 1833 1107 1894 uidebar

89 1925 188 1984 animo
213 1925 380 2001 scripsisse.

53 2018 88 2083 6.
118 2023 242 2094 Quintil.
255 2021 291 2080 X
300 2021 328 2094 1,
347 2020 415 2079 104
437 2019 534 2081 Habet
557 2028 704 2080 amatores
727 2037 783 2078 nec
806 2020 946 2078 inmerito
970 2016 1104 2077 Cremuti

88 2109 224 2190 iibertas,
248 2126 427 2190 quamquam
450 2110 636 2170 circumcisis
665 2125 740 2186 quae
764 2106 874 2168 dixisse
898 2109 926 2166 ei
949 2115 1104 2167 nocuerat:
1120 2118 1146 2158 20

90 2199 142 2260 sed
157 2199 267 2260 elatum
281 2198 399 2260 abunde
410 2201 552 2276 spiritum
569 2206 599 2258 et
613 2197 740 2258 audaces
760 2197 922 2257 sententias
940 2193 1105 2274 deprehen*

90 2288 143 2348 das
166 2290 255 2349 etiam
277 2291 309 2348 in
331 2287 387 2368 bis,
411 2305 487 2367 quae
510 2294 639 2348 manent.

55 2374 89 2439 7.
114 2378 219 2439 Senec.
238 2381 255 2437 l.
274 2396 298 2437 s.
316 2378 344 2452 1,
363 2378 385 2437 3
409 2376 467 2455 [ad
484 2374 595 2452 filiam]
615 2375 651 2436 Vt
670 2392 743 2435 nero
767 2373 895 2453 aliquam
919 2374 1104 2434 occasionem

90 2468 214 2526 motatio
228 2467 372 2545 temporis
387 2466 477 2546 dedit,
490 2467 645 2545 ingenium
659 2466 753 2542 patris
762 2464 816 2544 tui,
827 2462 863 2524 de
879 2480 938 2542 quo
952 2469 1105 2540 sumptum

90 2561 155 2614 crat
178 2553 370 2636 supplicium,
398 2557 429 2616 in
457 2558 557 2617 uisum
585 2554 739 2614 bominum
769 2551 917 2612 reduxisti
940 2559 970 2611 et
992 2570 1009 2610 a
1032 2567 1105 2612 uera
1118 2562 1145 2604 ¹⁵

83 2635 174 2704 'iilum
197 2643 356 2704 uindicasti
378 2652 475 2705 morte
494 2661 528 2705 ae
547 2644 708 2705 restituisti
725 2644 757 2702 in
775 2639 895 2720 publica
913 2647 1105 2700 monumenta

89 2731 196 2812 libros,
220 2750 295 2810 quos
322 2735 371 2792 uir
397 2733 446 2793 ilic
475 2734 656 2793 fortissimus
684 2733 827 2810 sanguine
856 2747 910 2790 suo
935 2730 1104 2806 scripserat.

90 2819 209 2899 Optime
231 2821 368 2881 meruisti
391 2821 428 2881 de
451 2821 592 2882 Romanis
616 2819 737 2900 studiis,
760 2837 865 2898 magna
892 2817 1011 2878 iliorum
1035 2834 1104 2896 pars

90 2917 213 2969 arserat.
254 2911 365 2986 optime
397 2909 433 2970 de
461 2913 603 2990 posteris,
631 2908 666 2969 ad
695 2925 770 2986 quos
798 2909 901 2968 ueniet
931 2908 1105 2983 incorrupta

90 3014 193 3057 rerum
215 2997 289 3058 fides
312 3000 426 3058 auctori
451 3017 505 3058 suo
529 3016 635 3078 magno
658 3001 801 3076 inputata.
834 2997 945 3075 optime
969 2994 1006 3055 de
1030 2996 1144 3073 ipsun

89 3087 177 3147 cuius
200 3088 282 3164 uiget
305 3086 479 3166 uigebitque
502 3089 653 3167 memoria,
677 3085 819 3165 quamdiu
842 3087 873 3144 in
897 3086 994 3163 pretio
1013 3083 1105 3142 inerit

88 3175 220 3235 Romana
239 3178 388 3255 cognosci,
407 3174 548 3255 quamdiu
568 3179 724 3256 quisquam
744 3176 810 3255 erit,
830 3176 882 3252 qui
900 3175 1014 3234 reuerti
1031 3170 1106 3232 uelit

89 3263 126 3324 ad
150 3271 215 3324 acta
238 3266 393 3346 maiorum,
417 3265 558 3344 quamdiu
578 3268 744 3345 qnisquam,
763 3265 816 3341 qari
833 3262 907 3324 uelit
927 3264 1012 3342 scire,
1032 3259 1104 3340 quid

91 3353 131 3413 sit
153 3354 202 3412 uir
219 3351 379 3434 Romanus,
402 3354 473 3432 quid
494 3353 625 3415 subactis
647 3356 706 3413 iam
730 3351 900 3413 ceruicibus
923 3353 1055 3412 omnium
1075 3358 1105 3409 et

90 3441 127 3503 ad
147 3440 336 3501 Seianianum
353 3445 456 3521 iugum
475 3443 588 3504 adactis
605 3441 777 3521 indomitus,
797 3440 867 3520 qnid
891 3441 931 3500 sit
953 3440 1040 3500 homo
1059 3441 1103 3498 in·
1118 3449 1145 3490 ³⁵

91 3533 187 3610 genio,
202 3532 309 3608 animo,
329 3547 417 3591 manu
435 3529 519 3592 liber.
544 3531 683 3611 Magnum
702 3529 872 3590 mehercule
890 3529 1105 3590 detrimentum

91 3638 140 3680 res
163 3618 282 3698 publica
306 3623 484 3700 ceperat-si
505 3619 589 3682 illum
612 3620 650 3681 ob
669 3620 743 3681 duas
766 3635 816 3678 res
838 3616 1055 3697 pulcherrimas
1073 3619 1104 3676 in
