2670 4058
175 233 240 298 168
512 229 663 286 VALERII
679 229 852 286 ANTIATIS

175 390 206 446 et
228 385 324 462 ipsius
347 381 423 442 lama
447 381 557 460 sepulti
579 380 728 442 laceretur
745 387 776 441 et
798 381 892 441 frater
909 381 1041 460 insuper,
1059 380 1191 442 accessio

175 472 319 552 inuidiae,
354 477 511 532 mactetur.
556 469 594 530 Μ.
622 469 694 530 Cato
730 472 825 530 suasit
859 471 1043 548 rogationem
1080 461 1192 552 (exstat

176 563 271 622 oratio
295 560 420 621 eiusde
447 561 573 638 pecunia
601 561 681 638 regis
708 555 874 640 Antiochi),
902 565 933 619 et
959 557 1117 620 Mummios
1136 559 1192 619 tri·

176 650 274 712 bunos
303 651 480 711 auctoritate
510 649 670 729 deterruit,
701 667 740 708 nc
772 647 1005 709 aduersarentur
1036 648 1191 727 rogationi.

176 737 399 800 remittentibus
429 755 500 816 ergo
532 737 580 798 bis
611 738 858 798 intercessionem
888 755 991 798 omnes
1020 736 1118 797 tribus
1148 737 1221 797 uti⁵

141 848 161 898 q
178 834 335 907 rogassent
352 830 514 888 iusserunt.
535 822 577 908 (c.
590 821 658 908 55.)
679 825 743 888 Ser.
758 825 890 904 Sulpicio
908 825 1016 888 deinde
1035 826 1193 905 referente,

179 935 268 998 quem
299 917 454 995 rogatione
482 915 596 977 Petillia
625 933 770 995 quaerere
801 914 928 994 uellent,
956 914 990 986 Ο.
1019 913 1193 976 Terentium

178 1005 350 1067 Culleonem
372 1012 474 1084 patres
496 1006 658 1066 iusserunt
696 1003 732 1064 ad
755 1005 836 1065 bunc
858 1011 1036 1085 praetorem,
1052 1001 1117 1083 <-
1130 999 1193 1082 ->

178 1096 253 1156 adeo
270 1096 425 1156 inimicum
444 1094 580 1175 cundem,
598 1100 632 1154 ut
649 1100 773 1172 propter
791 1095 938 1172 insignem
957 1092 1138 1154 simultatem
1156 1091 1193 1153 ab

179 1203 212 1246 ea
240 1183 383 1264 lectione,
411 1201 486 1262 quae
514 1182 639 1244 aduersa
670 1181 861 1261 Scipionibus
888 1189 965 1263 erat,
993 1181 1127 1244 delectus
1155 1183 1195 1243 sit
1208 1194 1238 1235 1⁰

178 1274 367 1353 potissimum
394 1272 431 1332 ad
459 1273 665 1351 quaestionem
692 1272 888 1333 exercendam
907 1291 964 1353 —;
996 1279 1129 1333 ceterum
1157 1270 1193 1332 ad

177 1363 259 1423 hunc
282 1362 371 1421 nimis
388 1355 476 1440 <->
495 1362 631 1440 iniquum
649 1367 818 1440 praetorem
836 1379 908 1422 reus
926 1361 1075 1439 extemplo
1098 1361 1195 1421 lactus

178 1451 211 1512 L.
236 1450 345 1529 Scipio.
370 1449 472 1526 ,simul
499 1455 529 1510 et
556 1449 653 1510 delata
681 1457 712 1510 et
738 1459 859 1529 recepta
887 1452 1008 1511 nomina
1029 1449 1195 1529 legatorum

180 1543 254 1620 eius,
276 1538 310 1599 A.
334 1545 365 1598 et
386 1537 419 1598 L.
438 1537 633 1600 Hostiliorum
657 1538 802 1600 Catonum
826 1547 857 1600 et
879 1538 910 1600 C.
928 1538 1014 1600 Furii
1035 1537 1195 1600 Aculeonis

181 1629 348 1708 quaestoris
371 1633 410 1706 et,
433 1633 467 1689 ut
490 1629 587 1688 omnia
611 1636 747 1689 contacta
770 1629 911 1689 societate
933 1627 1090 1707 peculatus
1114 1625 1239 1688 uide-1⁵

148 1722 300 1796 rrentur,
328 1715 444 1776 scribae
467 1735 587 1797 quoque
610 1715 670 1778 diro
698 1723 728 1779 et
755 1735 908 1779 accensus
944 1715 976 1778 L.
1000 1715 1145 1778 Hostilius
1168 1725 1199 1776 et

182 1804 298 1867 scribae
317 1810 347 1866 et
365 1823 519 1886 accensus,
536 1808 713 1886 priusquam
731 1806 767 1866 de
783 1805 921 1886 Scipione
940 1805 1085 1867 iudicium
1103 1806 1198 1885 lieret,

182 1893 310 1956 absoluti
334 1903 416 1974 sunt,
442 1893 543 1974 Scipio
566 1901 596 1956 et
618 1895 652 1956 A.
675 1894 819 1956 Hostilius
842 1894 957 1975 legatus
981 1902 1012 1957 et
1033 1894 1065 1956 C.
1088 1893 1198 1956 Furius

181 1984 325 2046 damnati:
349 2001 408 2062 quo
431 1984 615 2044 commodior
637 2003 695 2063 pax
712 1983 859 2046 Antiocho
878 1983 1009 2066 daretur,
1029 1984 1200 2063 Scipionem

182 2091 235 2135 sex
270 2071 352 2133 milia
388 2072 487 2151 pondo
519 2074 603 2154 auri,
640 2071 855 2152 quadringenta
893 2076 1044 2154 octoginta
1081 2074 1197 2152 argenti
1211 2085 1240 2126 ²0

182 2163 251 2242 plus
278 2162 430 2240 accepisse
453 2180 542 2241 quam
565 2162 597 2222 in
624 2163 773 2222 aerarium
795 2161 959 2244 rettulerit,
981 2162 1015 2223 A.
1038 2161 1199 2224 Hostilium

183 2251 333 2328 octoginta
362 2251 460 2329 pondo
489 2253 567 2325 auri,
594 2252 710 2330 argenti
733 2251 949 2331 quadringenta
976 2253 1047 2332 tria,
1074 2249 1199 2312 Furium

184 2346 373 2419 quaestorem
396 2340 463 2400 auri
484 2339 584 2420 pondo
612 2345 732 2400 centum
760 2341 899 2422 triginta,
919 2341 1035 2420 argenti
1062 2340 1198 2401 ducenta.

183 2428 238 2489 has
265 2446 320 2507 ego
349 2445 480 2490 summas
508 2429 574 2488 auri
601 2436 632 2488 et
659 2431 775 2508 argenti
806 2429 915 2490 relatas
944 2426 1023 2508 apud
1051 2428 1199 2490 Antiatem
1315 2439 1316 2456 ¹

183 2519 295 2578 inireni.
309 2550 353 2560 —
366 2549 411 2560 -
1213 2529 1241 2572 ss

153 2655 166 2692 s
275 2626 316 2716 (c.
331 2629 396 2708 58.)
429 2631 552 2693 Iudiciis
584 2651 601 2692 a
632 2631 666 2703 Ο.
699 2632 840 2692 Terentio
875 2638 1014 2710 praetore
1049 2631 1200 2710 perlectis,

185 2721 330 2783 Hostilius
344 2727 375 2782 et
388 2720 498 2781 Furius
517 2721 648 2782 damnati
660 2721 786 2802 praedes
805 2719 910 2780 eodem
924 2720 972 2780 die
990 2717 1199 2798 quaestoribus
1315 2793 1316 2802 ἵ

184 2810 308 2872 urbanis
332 2809 492 2890 dederunt3
516 2809 617 2889 Scipio
645 2829 713 2872 cum
742 2807 935 2872 contenderet
963 2823 1081 2868 omnem
1111 2824 1200 2887 quam

186 2901 351 2978 accepisset
372 2900 530 2976 pecuniam
553 2901 585 2960 in
608 2901 722 2960 aerario
742 2915 817 2976 esse,
840 2913 896 2957 nec
915 2915 947 2956 se
968 2895 1128 2976 quicquam
1145 2914 1199 2976 pu·
1315 2891 1316 2970 ζ

125 3061 127 3066 ,
185 2988 256 3050 blici
278 2985 399 3068 babere,
421 2988 452 3048 in
475 2988 594 3050 uincula
619 2988 688 3049 duci
707 2996 753 3048 est
772 2992 906 3063 coeptus.
927 2985 959 3046 P.
975 2985 1076 3065 Scipio
1094 2985 1201 3047 Nasica
1214 3005 1243 3045 so
1315 3041 1316 3060 ,

186 3077 324 3138 tribunos
347 3075 507 3154 adpellauit
530 3078 753 3154 orationemque
778 3072 883 3135 babuit
905 3073 1023 3154 plenam
1045 3078 1128 3138 ueris
1151 3074 1200 3136 de-

187 3165 308 3228 coribus
331 3182 390 3225 non
414 3168 613 3227 communiter
635 3164 723 3224 modo
746 3163 901 3226 Cornebae
924 3167 1034 3245 gentis,
1059 3163 1112 3225 sed
1133 3180 1201 3243 pro-

166 3256 252 3337 prie
284 3252 411 3315 familiae
444 3273 523 3316 suae.
567 3260 707 3332 parentes
740 3269 811 3316 suos
841 3260 872 3315 et
898 3253 930 3314 P.
952 3252 1086 3314 Airicani
1108 3270 1142 3313 ac
1168 3252 1201 3313 L.
1315 3307 1316 3324 ,

188 3342 350 3424 Scipionis,
383 3345 435 3422 qui
466 3345 498 3404 in
529 3360 681 3404 carcerem
709 3343 884 3423 (luceretur,
912 3342 1004 3403 fnisse
1032 3340 1084 3402 Cn.
1113 3348 1144 3402 et
1170 3339 1201 3402 P.
1315 3327 1316 3374 ³

188 3431 357 3512 Scipiones,
380 3431 562 3492 clarissimos
584 3433 676 3493 uiros.
714 3451 779 3515 eos,
802 3449 872 3494 cum
894 3449 950 3509 per
973 3430 1086 3511 aliquot
1108 3447 1202 3492 annos
1215 3449 1243 3490 ss
1315 3463 1316 3472 κ

186 3522 218 3582 in
240 3529 321 3582 terra
342 3519 484 3599 Hispania
506 3521 652 3582 aduersus
674 3520 785 3583 multos
803 3519 973 3580 Poenorum
990 3518 1201 3599 Hispanorum·
1315 3533 1316 3540 ¹

188 3629 245 3690 que
265 3618 295 3671 et
313 3610 405 3671 duces
424 3616 455 3670 et
474 3611 623 3671 exercitus
642 3611 771 3671 nominis
785 3609 911 3670 Romani
924 3608 1031 3672 famam
1049 3610 1203 3670 auxissent
1315 3611 1316 3616 ’
