2638 4056
182 197 246 264 196
536 193 839 252 commumoni

180 349 238 409 sita
260 365 294 408 ea
317 347 439 426 propria
462 343 588 406 familiae
611 343 676 407 laus
699 343 844 408 leuiorem
871 353 1024 408 auctorem
1042 345 1196 408 ¹Licinium
1310 419 1311 432 χ

180 422 259 498 iacit.
292 453 361 496 cum
384 436 565 496 mentionem
589 436 654 495 eius
677 436 722 495 rei
744 436 776 494 in
798 435 1017 498 uetustioribus
1040 435 1196 498 annalibus

180 523 292 586 nubam
314 525 475 605 inueniam,
498 525 592 602 magis
615 530 649 584 ut
672 522 743 584 belli
766 523 870 586 Gallici
892 542 998 586 caussa
1020 524 1196 586 dictatorem

180 620 315 674 creatum
337 611 475 693 arbitrer,
497 611 620 674 inclinat
643 613 768 674 animus.
967 607 970 614 ’
1060 678 1063 684 ,
1310 661 1311 684 ,

117 699 173 780 Q
273 694 331 763 17.
354 702 422 764 Leia.
443 701 543 763 VIIII
561 701 612 777 38,
630 701 672 762 15
694 700 831 781 Papirius
850 701 881 762 C.
895 701 1015 764 lunium
1028 701 1226 765 Bubulcum⁵
1310 701 1311 790 l

117 789 172 839 444
182 792 358 870 magistrum
377 793 510 872 equitum
529 789 618 872 dixit3
641 798 730 870 atque
754 792 782 850 ei
804 789 900 869 legem
919 794 1065 854 curiatam
1088 791 1125 854 de
1143 793 1197 853 im·

180 881 265 959 perio
289 878 396 941 serenti
419 881 505 942 triste
529 897 617 941 omen
639 878 720 941 diem
743 879 859 960 diffidit,
882 881 962 960 quod
981 879 1091 943 Faucia
1114 883 1198 943 curia

181 969 238 1030 tuit
260 969 455 1051 principium,
474 967 590 1031 duabus
612 969 739 1048 insignis
762 967 910 1050 cladibus,
933 978 1036 1050 captae
1058 969 1143 1032 urbis
1167 977 1197 1031 et

181 1056 329 1119 Caudinae
351 1059 443 1138 pacis,
467 1058 547 1138 quod
570 1065 699 1138 utroque
722 1075 799 1118 anno
823 1057 957 1120 eiusdem
980 1061 1081 1121 curiae
1100 1060 1197 1121 iuerat

181 1147 370 1226 principium.
406 1145 506 1208 Macer
533 1146 665 1208 Licinius
693 1149 781 1208 tertia
814 1148 903 1208 etiarn
932 1147 1029 1232 clade,
1057 1167 1132 1228 quae
1160 1148 1196 1210 ad
1212 1161 1240 1200 1⁰

181 1234 352 1299 Cremeram
374 1242 495 1315 accepta
518 1244 573 1316 est,
596 1235 822 1296 abominandam
844 1254 909 1298 eam
932 1240 1046 1299 curiam
1069 1237 1148 1299 lacit.
1262 1279 1265 1284 -

117 1322 172 1401 Q
272 1317 329 1386 18.
353 1325 421 1385 Ltu.
447 1323 546 1385 VIIII
565 1324 657 1405 46‚1
679 1324 792 1388 Eodem
820 1343 896 1386 anno
925 1325 977 1390 Cn.
1000 1325 1122 1388 Flauius
1144 1326 1197 1390 Cn.

118 1411 261 1473 450filius
284 1411 396 1493 scriba,
418 1421 502 1492 patre
525 1412 665 1475 libertino
684 1412 790 1474 humili
808 1414 927 1475 fortuna
946 1424 1044 1497 ortus,
1063 1424 1196 1478 ceterum

116 1553 118 1556 .
181 1499 306 1565 callidus
329 1503 377 1562 uir
400 1508 430 1562 et
453 1501 613 1584 ineundus,
642 1501 745 1563 aedilis
775 1502 889 1565 curulis
917 1504 982 1568 fuit.
1018 1503 1141 1566 lnuenio
1165 1507 1196 1566 in

182 1588 361 1670 quibusdam
384 1589 553 1671 annalibuS,
576 1610 645 1652 cum
668 1601 825 1671 appareret
847 1591 992 1656 aedilibus
1015 1595 1139 1674 fierique
1163 1605 1240 1654 se1⁵

182 1697 237 1757 pro
251 1677 333 1739 tribu
347 1678 472 1741 aedilem
485 1679 603 1740 uideret
617 1699 714 1761 neque
730 1683 825 1760 accipi
839 1700 957 1765 nomen,
967 1685 1036 1762 quia
1051 1686 1197 1763 scriptum

182 1768 302 1850 iaceret,
326 1766 455 1829 tabulam
479 1771 615 1848 posuisse
639 1777 669 1830 et
691 1771 815 1851 iurasse,
839 1789 871 1848 se
891 1774 1036 1852 scriptum
1060 1790 1119 1834 non
1139 1772 1196 1833 lac-

182 1864 293 1918 turum.
316 1855 412 1928 Quem
431 1855 581 1938 aliquanto
600 1865 668 1919 ante
686 1857 800 1920 desisse
820 1862 965 1939 scriptum
983 1861 1082 1922 lacere
1098 1863 1198 1941 arguit

182 1943 281 2006 Macer
312 1943 445 2008 Licinius
482 1946 636 2008 tribunatu
673 1955 740 2009 ante
772 1955 856 2027 gesto
889 1949 1197 2032 triumuiratibusque,

181 2040 328 2096 nocturno
339 2034 440 2117 altero,
446 2035 539 2096 altero
549 2035 681 2097 coloniae
692 2036 890 2099 deducendae.
902 2031 957 2122 (cf.
968 2040 1068 2101 Piceo.
1075 2039 1118 2116 fr.
1127 2033 1196 2124 27.)
1212 2051 1241 2092 2⁰

118 2120 174 2201 {92
274 2116 331 2185 le.
355 2124 422 2186 Liar.
441 2124 521 2200 Xe,
540 2126 585 2185 10
620 2124 654 2186 ln
683 2142 752 2186 eum
779 2144 890 2187 annum
917 2147 987 2189 cum
1014 2126 1048 2199 Q.
1072 2128 1197 2191 Fabium

120 2209 337 2272 4⁶⁶consulem
360 2230 421 2272 non
448 2220 599 2292 petentem
623 2232 726 2276 omnes
750 2215 885 2278 dicerent
910 2220 1075 2300 centuriae,
1097 2219 1196 2297 ipsum

183 2307 336 2362 auctorem
359 2301 452 2362 scrisse
471 2301 570 2363 Macer
588 2300 721 2365 Licinius
745 2323 778 2365 ac
797 2303 917 2366 'l'ubero
941 2305 999 2384 [fr.
1018 2307 1050 2380 7]
1074 2306 1197 2369 tradunt

183 2388 340 2450 differendi
363 2387 421 2450 sibi
439 2390 611 2452 consulatus
629 2393 661 2452 in
680 2392 897 2454 bellicosiorem
917 2412 1040 2458 annum:
1065 2413 1100 2456 eo
1119 2413 1196 2458 anno

183 2477 289 2538 maiori
312 2495 345 2538 se
368 2479 437 2539 usui
459 2481 505 2540 rei
527 2479 662 2560 publicae
686 2481 750 2542 lore
773 2481 887 2544 urbano
905 2490 989 2562 gesto
1012 2485 1196 2563 magistratu.
1212 2494 1240 2535 ²⁵

182 2568 223 2626 ita
252 2584 308 2626 nec
337 2567 572 2630 dissimulantem
600 2569 672 2650 quid
699 2570 811 2652 mallet,
838 2589 893 2632 nec
921 2579 1072 2651 petentem
1099 2581 1198 2635 tamen

183 2654 309 2716 aedilem
332 2655 465 2718 curulem
495 2676 564 2720 cum
587 2657 620 2718 L.
643 2659 761 2739 Papirio
785 2658 914 2720 Cursore
942 2662 1061 2723 factum.
1106 2662 1137 2723 id
1160 2680 1198 2722 ne

183 2762 238 2825 prc
258 2751 341 2805 certo
358 2763 511 2829 ponerem,
530 2749 676 2808 vetustior
694 2747 844 2809 annalium
862 2757 967 2810 auctor
985 2747 1053 2810 Piso
1069 2748 1126 2828 [fr.
1141 2748 1197 2829 28]

184 2831 295 2913 effecit,
319 2835 371 2912 qui
394 2853 430 2895 eo
453 2854 531 2896 anno
559 2835 669 2897 aediles
693 2837 813 2897 curules
836 2837 929 2898 luisse
952 2838 1043 2899 tradit
1066 2837 1118 2900 Cn.
1142 2839 1198 2900 Do-

183 2923 300 2983 mitium
323 2920 375 2984 Cn.
398 2923 418 2983 f.
442 2923 594 2986 Calvinum
622 2931 652 2985 et
676 2923 725 3004 Sp.
749 2924 907 2986 Carvilium
931 2925 964 2998 Q.
987 2927 1006 2988 f.
1030 2926 1197 2991 Maximum.
1212 2939 1241 2980 ³⁰

183 3008 213 3071 id
238 3010 328 3071 credo
352 3029 515 3092 cognomen
540 3031 672 3074 errorem
690 3015 722 3073 in
745 3013 890 3076 aedilibus
914 3016 1030 3099 fecisse,
1054 3028 1198 3080 secutam·

185 3116 243 3178 que
267 3097 394 3161 tabulam
419 3104 540 3162 mixtam
564 3120 599 3161 ex
623 3099 766 3164 aediliciis
786 3110 816 3164 et
839 3105 1047 3169 consularibus
1071 3110 1198 3170 comitiis
1284 3161 1287 3168 r
1310 3109 1311 3168 l

185 3189 409 3251 convenientem
434 3191 537 3250 errori.

566 3287 622 3346 EX
643 3291 771 3349 LIBRO
790 3293 817 3349 11

274 3395 333 3463 20.
358 3404 455 3464 Prisc.
471 3405 560 3466 XIII
573 3423 603 3482 p.
617 3405 688 3468 811.
713 3406 746 3468 G.
760 3406 894 3470 Licinius
908 3410 940 3469 in
953 3408 994 3471 ll:
1016 3408 1197 3472 Peruersnm

185 3506 265 3571 esse,
292 3490 342 3552 alii
368 3491 449 3551 modi
473 3494 628 3574 postulare
650 3493 778 3575 Pyrrum
804 3499 836 3557 in
864 3504 893 3558 te
921 3505 1011 3578 atque
1034 3501 1070 3580 in¹
1089 3503 1197 3563 ceteris
1211 3512 1239 3555 ³⁵

185 3578 286 3640 fuisse.
310 3573 368 3662 (=
392 3579 437 3639 VI
450 3600 482 3658 p.
496 3581 564 3642 227
588 3591 618 3644 et
638 3583 709 3645 266
726 3586 763 3646 II.
778 3619 822 3628 -
832 3583 1013 3672 postulare.)
1094 3661 1096 3664 ¹

1308 3857 1311 4031 l
