2670 4058
5 1572 11 1589 =
140 1546 264 1606 Claudii
285 1547 406 1606 comice
429 1539 538 1622 ‘neque
555 1573 593 1586 -
611 1539 764 1604 diurnare’
787 1546 863 1606 Noc.
882 1563 914 1622 p.
928 1538 1022 1628 100.)

372 228 606 287 passurorum
648 231 784 289 nuncu.
805 231 915 288 1-1011.
1088 229 1150 300 131

138 397 276 442 seruasse
299 398 316 440 a
340 378 431 440 Gallis
450 396 540 458 supra
564 379 690 460 ostendi,
714 382 859 461 cuiusque
883 397 1003 461 operam
1027 402 1096 446 cum
1114 385 1151 447 M.

134 468 227 530 Furio
246 468 392 531 dictatore
412 466 490 547 apud
509 467 607 529 Gallos
626 471 791 547 cumprime
809 469 917 532 fortem
935 479 1025 550 atque
1043 491 1152 553 exupe-

134 556 260 619 rabilem
282 575 333 618 res
355 575 384 637 p.
404 558 506 638 sensit,
529 558 555 618 is
578 564 609 618 et
631 575 740 636 genere
764 566 795 620 et
812 561 845 621 ui
863 566 893 620 et
911 561 1025 622 uirtute
1046 559 1152 624 bellica

134 648 248 708 nemini
271 644 461 708 concedebat.
1183 686 1234 737 384

225 729 258 800 8.
284 737 357 798 Geli.
374 735 478 797 XVII
495 734 525 816 2,
543 734 584 795 13
620 732 716 796 Verba
739 753 775 795 ex
799 735 832 806 Q.
856 735 958 799 Claudi
980 740 1077 816 primo
1101 666 1183 836 an(
1235 670 1259 838 )

1182 756 1235 765 —

134 823 209 886 nali:
226 853 264 867 -
283 822 391 904 Simul,
414 824 519 905 inquit,
543 821 646 905 forma,
671 822 770 904 iactis,
793 823 975 907 eloquentia,
997 827 1151 910 dignitate,
1183 776 1235 827 ³⁷⁰

134 914 307 994 acrimonia,
329 912 507 974 confidentia
526 912 639 991 pariter
655 911 862 995 praecellebat,
882 922 915 975 ut
934 914 1019 976 iacile
1038 916 1152 978 intelle-

134 1009 257 1083 geretur
279 1019 421 1080 magnum
438 1002 581 1063 uiaticum
601 1019 636 1062 ex
656 1019 689 1062 se
707 1009 796 1081 atque
814 1003 846 1062 in
865 1019 898 1064 se
917 1003 953 1064 ad
973 1022 1036 1065 rem
1056 1005 1151 1084 publi-

135 1107 201 1152 cam
224 1090 417 1153 euertendam
440 1088 559 1152 babere.

225 1185 262 1251 9.
288 1186 590 1262 6111111116
617 1185 713 1247 Verba
736 1204 773 1248 ex
796 1186 830 1258 Q.
853 1187 959 1250 Glaudi
981 1192 1077 1269 primo
1101 1209 1150 1253 an·
1165 1205 1192 1247 ro

134 1277 208 1339 nali:
233 1307 275 1322 --
298 1276 372 1338 Nam
395 1277 478 1356 boec,
500 1277 612 1357 inquit,
635 1277 762 1337 maxime
785 1285 925 1339 uersatur
949 1278 1074 1340 deorum
1096 1283 1151 1342 ini·

135 1369 243 1447 quitos,
266 1365 349 1447 quod
371 1365 537 1426 deteriores
557 1370 628 1425 sunt
648 1364 868 1447 incolomiores,
887 1385 984 1448 neque
1006 1371 1151 1448 optimum
1192 1361 1196 1370 “

137 1472 319 1536 quemqrmm
341 1457 422 1516 inter
444 1471 500 1516 nos
523 1455 626 1515 sinunt
649 1453 798 1517 diurnare.
835 1449 902 1538 (Ea
927 1458 1021 1519 Gellio
1043 1462 1152 1520 omaso

227 1635 324 1704 lG⁸*.
348 1641 416 1702 Liri.
439 1641 483 1701 Vl
499 1641 587 1717 42,3
609 1639 708 1701 Greati
726 1641 759 1702 t.
778 1649 809 1702 et
826 1641 863 1703 Μ.
883 1640 1014 1703 Cornelii
1031 1609 1216 1749 iterumgg

134 1730 171 1791 ii.
197 1730 354 1811 Geganius,
377 1727 409 1790 P.
432 1729 567 1808 Manlius,
590 1728 622 1789 i..
641 1728 793 1811 Veturius,
815 1730 847 1791 P.
867 1730 1001 1792 Valerius
1025 1741 1150 1794 sextum.

135 1837 205 1882 cum
222 1827 343 1899 praeter
356 1816 535 1880 Velitrarum
554 1816 748 1900 obsidionem,
766 1819 845 1880 tardi
861 1822 956 1899 magis
974 1837 1039 1882 rem
1053 1825 1151 1884 exitus

136 1924 226 1988 quam
254 1907 351 1988 dubii,
379 1909 496 1987 quietae
525 1913 664 1968 externae
692 1923 743 1968 res
765 1906 906 1970 Romanis
934 1917 1047 1989 essent,
1075 1911 1151 1972 lama

134 2015 245 2076 repens
267 1995 338 2059 belli
355 1995 461 2057 Gallici
484 1994 568 2057 allata
593 1995 725 2076 perpulit
748 1998 910 2078 ciuitatem,
933 2004 968 2058 ut
985 1997 1022 2058 11.
1042 1997 1151 2060 Furius

135 2087 264 2148 dictator
288 2088 426 2165 quintum
450 2085 609 2146 diceretur.
639 2086 665 2145 is
684 2085 717 2146 T.
736 2084 910 2155 Quinctium
932 2085 1069 2148 Pennum
1092 2105 1151 2149 ma·
1165 2103 1192 2144 so

14 2225 18 2235 ,
135 2177 263 2255 gistrum
287 2176 423 2254 equitum
441 2172 524 2234 dixit.
558 2172 705 2234 Bellatum
723 2189 791 2235 cum
811 2174 902 2236 Gallis
920 2192 956 2235 eo
975 2192 1053 2236 anno
1072 2177 1152 2238 circa

4 2316 13 2334 ‚
134 2265 279 2326 inionem
297 2263 408 2325 flumen
428 2269 533 2324 auctor
556 2270 602 2323 est
621 2260 770 2344 Claudius,
793 2263 985 2343 inclitamque
1006 2266 1038 2325 in
1061 2272 1151 2344 ponte

134 2371 274 2434 pugnam,
294 2370 352 2432 qua
365 2350 399 2412 Τ.
409 2350 536 2412 Manlius
551 2349 675 2432 Gallum,
690 2369 757 2411 cum
773 2371 832 2431 quc
846 2361 1027 2431 prouocatus
1045 2371 1152 2414 manus

135 2444 297 2522 conseruit,
316 2443 348 2501 in
367 2447 530 2520 conspeetu
549 2438 677 2501 duorum
697 2443 883 2502 exercituum
902 2459 1023 2503 caesum
1045 2450 1152 2522 torque

136 2529 285 2611 spoliauit,
307 2538 372 2592 tum
395 2535 563 2609 pugnatam.
1165 2545 1194 2586 ss

228 2622 327 2690 ltili&
354 2629 426 2691 dell.
448 2626 718 2706 V111113,4sqp.
740 2625 814 2697 Quis
827 2625 923 2687 hostis
938 2625 1066 2705 [Manlii
1080 2628 1151 2690 lbr-

135 2717 236 2796 pcata]
258 2725 288 2779 et
308 2717 378 2796 quid
398 2733 501 2796 genus,
521 2733 610 2794 mam
628 2713 830 2775 formidandae
849 2717 997 2777 uastitatis
1016 2723 1047 2776 et
1061 2733 1153 2796 quan-

135 2814 199 2869 tum
210 2806 343 2868 insolens
352 2811 532 2884 prouocator
549 2811 579 2864 et
595 2803 726 2864 cuimodi
739 2803 830 2865 suerit
845 2820 943 2882 pugna
959 2803 1152 2884 decertatum,

135 2894 170 2966 Q.
190 2894 331 2957 Claudius
349 2895 446 2972 primo
471 2891 620 2954 annalium
644 2893 804 2971 purissime
828 2899 917 2972 atque
939 2891 1152 2953 inlustrissime

136 2984 325 3064 simplicique
342 2991 372 3044 et
386 2984 537 3059 incompta
556 2981 699 3042 orationis
718 2981 856 3060 antiquae
875 2983 1022 3042 suauitate
1042 2981 1151 3042 descri-
1166 2999 1195 3040 so

135 3075 205 3155 psit.
230 3103 270 3116 -·
295 3070 392 3132 Verba
414 3069 449 3141 Ο.
473 3068 589 3150 Claudi,
612 3068 723 3149 quibus
751 3087 850 3148 pugna
877 3071 934 3131 ista
958 3069 1075 3149 depicta
1097 3078 1154 3150 est,

135 3161 296 3224 adscribsir
311 3159 385 3222 Gum
398 3161 519 3220 interim
533 3157 633 3220 Gallus
648 3157 769 3237 quidam
783 3157 882 3220 nudus
895 3166 1016 3237 praeter
1035 3165 1154 3220 scutum

136 3259 167 3313 et
189 3250 303 3331 gladios
326 3248 385 3310 duc
409 3255 517 3328 torque
547 3254 636 3327 atque
665 3245 788 3308 armillis
812 3247 970 3308 decoratus
997 3249 1153 3327 processit,

136 3343 190 3421 qui
222 3347 252 3402 et
281 3336 398 3400 uiribus
426 3343 456 3397 et
482 3334 687 3414 magnitudine
715 3343 745 3396 et
775 3334 975 3397 adulescentia
1004 3335 1152 3415 simulque

135 3431 250 3491 uirtute
269 3427 378 3489 ceteris
392 3423 560 3485 antistabat.
583 3426 611 3485 is
628 3425 756 3485 maxime
769 3423 884 3502 proelio
898 3432 1045 3486 commoto
1063 3432 1153 3504 atque
1167 3441 1194 3482 ec

135 3519 275 3598 utrisque
304 3531 420 3576 summo
456 3511 554 3576 studio
582 3511 783 3592 pugnantibus
816 3512 953 3574 manibus
985 3513 1153 3592 significare

136 3608 237 3686 coepit
259 3605 406 3684 utrisque,
430 3603 628 3682 quiescerent.
661 3618 778 3680 pugnae
802 3602 879 3662 iacta
901 3619 995 3680 pausa
1018 3610 1072 3662 est.
1106 3619 1153 3662 ex·
