2620 4054
130 167 230 224 TEST.
243 166 461 224 TRAGMl-t.
477 165 638 224 ATTICVS.
657 166 686 223 Ο.
697 167 787 224 VIBII
803 167 947 224 MAXIMI.
961 166 1060 226 uusu.
1081 166 1145 234 317

223 311 281 379 2*.
309 317 403 378 Taca't.
419 335 489 380 ann.
505 316 613 378 XIIII
623 315 643 376 2
666 315 776 378 Fabius
798 315 941 378 Rusticus
965 283 1025 378 non
1043 315 1147 396 agrtp·
1158 313 1211 394 2⁹,

131 408 218 486 pinae
229 406 280 467 sed
291 405 402 468 Neroni
412 408 547 485 cupitum
557 406 587 467 id
599 403 720 484 [matris
729 413 758 468 et
764 409 826 480 nita·
833 405 992 485 incestam]
1004 403 1209 468 memorasti

132 495 327 576 eiusdemque
341 494 465 557 libertae
482 493 605 574 [Actae]
622 503 688 557 estu
703 493 869 556 disiectum.
885 489 940 576 (cs.
955 497 1038 558 Clau.
1050 494 1093 572 [r.
1104 487 1148 578 2.)

223 579 282 647 S*.
309 583 404 648 Tacit.
418 602 489 646 ann.
504 584 570 646 XV
583 584 628 645 60
647 581 712 663 Ipsi
736 581 874 662 [Annaeo
894 584 1030 648 Senecae
1051 585 1147 646 Gaias
1157 582 1210 662 Q

133 673 286 750 Siluanos,
306 675 448 736 trabanas
463 677 643 751 praetoriae
662 671 807 752 coborta'e]
829 691 897 735 cum
916 672 1055 754 Pompeia
1074 672 1148 735 Pau·
1159 670 1211 724 ⁸¹⁸

132 761 191 824 lina
215 780 309 824 uxore
332 770 363 824 et
386 763 489 826 amicis
512 760 630 824 duobus
649 761 782 842 epulanti
801 761 937 824 mandata
960 764 1148 842 inapermoris

10 861 14 874 ·
133 850 227 913 edidit
243 849 295 930 [de
309 854 424 916 indicio
438 853 557 914 Natales
571 854 843 928 coniurationeqae
857 849 998 930 Paeone}
1022 844 1095 936 (61)
1109 883 1146 896 -

135 939 189 1002 Vbi
216 939 290 1002 baec
315 937 466 1020 [Senecae
492 958 668 1018 responsant
697 939 827 1017 Nerona']
856 958 872 1001 a
904 939 1025 1001 tribuna
1058 939 1148 1002 relata

134 1037 205 1091 sunt
223 1028 359 1110 Poppaea
382 1038 412 1090 et
430 1028 576 1110 Tigellino
599 1047 708 1110 coram,
725 1061 762 1074 —
780 1030 952 1111 interrogat,
976 1047 1012 1090 an
1037 1027 1150 1090 Seneca

134 1117 334 1181 uoluntariam
355 1125 482 1180 mortem
505 1126 632 1198 pararet.
669 1125 734 1180 tum
756 1117 896 1180 tribunus
925 1116 1005 1180 nulla
1028 1119 1149 1198 pauoris
1166 1140 1191 1182 n

58 1231 69 1246 ·
135 1208 231 1286 signe,
259 1206 334 1274 nibil
361 1211 448 1270 triste
471 1209 502 1270 in
526 1206 628 1269 uerbis
652 1209 717 1269 eius
740 1215 792 1268 aut
818 1206 905 1270 uultu
929 1206 1150 1287 deprehensum

135 1297 331 1358 confirmauit.
351 1305 421 1376 sigo
435 1296 556 1376 regredi
569 1303 600 1358 et
613 1295 745 1358 indicere
760 1303 886 1358 murtena
901 1295 1031 1358 iubetur.
1049 1294 1151 1358 Tradit

134 1382 246 1446 Fabius
269 1385 410 1447 Rusticus
434 1403 493 1447 non
517 1403 551 1447 eo
575 1404 634 1466 quo
657 1393 783 1448 uenerat
812 1386 919 1448 itinere
943 1385 1074 1448 reditum
1098 1383 1151 1446 sed

135 1472 253 1536 ilcxisse
273 1473 309 1536 ad
323 1473 468 1537 Faenium
486 1474 670 1554 praefectum
689 1482 720 1536 et
739 1476 882 1554 expositis
897 1474 1031 1536 Caesaris
1050 1475 1151 1554 iussis,

135 1581 173 1624 eu
197 1562 426 1646 obtemperaret,
448 1565 681 1644 interrogauisse
705 1565 911 1645 monitumque
931 1563 968 1625 ab
986 1582 1032 1646 eo,
1051 1571 1084 1624 ut
1104 1581 1151 1624 ex·
1167 1585 1192 1628 ia

11 1693 16 1703 .,
136 1659 327 1733 sequeretur,
355 1652 435 1715 fatali
458 1653 591 1714 omnium
613 1655 739 1732 ignauia.
772 1670 840 1714 nam
861 1662 891 1714 et
910 1653 1049 1716 Siluanus
1074 1654 1153 1714 inter

136 1743 307 1802 coniuratos
335 1749 399 1804 erat
427 1740 612 1822 augebatque
641 1740 766 1823 scelera,
794 1743 826 1803 in
854 1760 981 1822 quorum
1009 1741 1153 1806 ultionem

137 1839 339 1893 consenserat.

226 1915 286 1985 4²⁸.
313 1920 407 1983 Tacc't.
422 1921 496 1996 Agr.
511 1920 555 1981 lo
578 1918 715 1980 Formam
739 1919 831 1980 totius
854 1918 1024 1980 Britanniae
1047 1918 1153 1980 Liuius

138 2015 283 2092 ueterum,
293 2007 403 2073 Fabius
417 2010 560 2071 Rusticus
574 2009 740 2079 recentium
755 2006 992 2088 eloquentissimi
1005 2015 1153 2087 auctores,
1168 2027 1194 2070 ao

138 2096 281 2178 oblongae
306 2098 439 2161 scutulae
463 2097 512 2160 uel
535 2097 659 2179 prenui
682 2095 905 2158 assimuiauerc.

538 2285 752 2376 ATTICVS

510 2433 798 2495 TESTIMONIA

106 2543 140 2611 l.
166 2549 302 2610 Martini.
319 2552 355 2610 II
373 2548 457 2628 [edat.
472 2569 500 2612 a.
515 2550 567 2612 86.
582 2547 659 2627 839]
679 2550 741 2626 7,1
765 2547 916 2610 Declamas
939 2545 1029 2629 belle,
1053 2565 1156 2609 causas

141 2639 214 2718 agis,
227 2637 334 2719 Attice,
348 2637 433 2720 belle,
447 2638 587 2701 historias
601 2637 707 2719 babae,
722 2639 853 2700 carmine
868 2634 944 2699 bella
959 2637 1041 2717 iacis,
1057 2667 1098 2680 -·-
1113 2667 1158 2680 --

141 2729 189 2790 uis
211 2726 307 2788 (licam
332 2727 403 2805 quid
427 2729 482 2806 sis,
506 2745 630 2808 magnus
653 2746 686 2789 es
710 2726 830 2789 ardalio.
863 2725 903 2802 cs.
930 2725 993 2786 VII
1021 2722 1105 2804 [edit.
1129 2743 1157 2786 a.

100 2881 103 2894 ¹
142 2815 192 2876 92.
207 2814 287 2893 845]
306 2814 391 2890 32,1
414 2815 519 2896 Attice,
538 2817 682 2878 secundae
701 2834 829 2879 renones
853 2815 905 2895 qui
923 2813 1043 2876 nomina
1061 2816 1157 2893 gentis
1171 2835 1198 2876 es

141 2923 197 2967 nec
221 2906 295 2968 sinis
318 2906 469 2984 ingentem
492 2907 672 2968 conticuisse
696 2905 817 2966 domum
841 2911 871 2965 et
894 2922 921 2984 q.
943 2921 965 2964 s.
992 2903 1091 2968 VIIII
1107 2901 1158 2964 99.

389 3103 431 3190 Ο.
464 3102 638 3191 VIBIVS
671 3101 913 3191 MAXIMVS

539 3245 765 3308 nasutuoun

1 3381 2 3384 ’
110 3360 142 3430 l.
167 3369 201 3432 Α.
217 3367 267 3430 93.
281 3367 350 3430 846
373 3367 493 3430 cohorti
515 3367 625 3428 latine
643 3365 822 3444 Alpinorum
846 3368 877 3426 in
896 3367 1048 3429 Delmatia
1067 3380 1159 3444 prae·

145 3465 223 3533 erat,
250 3458 321 3520 ol.
341 3456 373 3518 L.
390 3456 447 3517 III
457 3474 488 3533 p.
502 3453 577 3530 859,
596 3472 624 3516 a.
644 3453 718 3515 104.
737 3453 804 3515 857
824 3453 1003 3530 praefectus
1022 3455 1160 3534 Aegypti,

149 3547 269 3608 aaa
285 3547 341 3608 ιη
355 3564 385 3624 ρ.
400 3544 438 3606 11
457 3563 486 3608 a.
500 3544 551 3606 aa.
747 3547 751 3556 ·
