2638 4056
193 202 257 270 190
373 170 505 259 rvnrvs'
518 200 674 258 coneus.
711 201 740 256 c.
760 199 887 257 mornn
906 198 1020 257 nicer
1089 155 1091 160 Δ

191 352 350 416 uetustatis
375 360 405 414 et
428 354 479 432 qui
503 353 709 431 antiquitatem
732 370 787 431 per
810 351 950 414 historias
973 350 1113 432 legerint,
1136 351 1211 412 baec
1302 377 1303 380 ¹

193 445 274 504 scire
285 441 424 505 facillime
443 435 567 520 possint.
591 447 679 521 atque
699 440 767 502 ideo
785 443 967 502 mentionem
981 439 1075 518 (longi
1089 438 1211 501 uidetur

193 533 419 611 interposuisse,
430 533 482 609 qui
495 548 550 609 per
564 529 636 591 illud
653 538 770 609 tempus
785 529 963 610 decesserat,
973 529 1061 590 homo
1072 531 1212 591 curiosus
1302 531 1303 540 ’

195 627 225 681 et
249 620 375 700 diligens
399 620 548 680 eruendae
572 621 741 680 uetustatis.
765 637 833 680 nam
856 619 1018 680 historicus
1034 665 1040 679 .
1056 667 1062 680 .
1079 665 1107 679 ..

159 703 194 770 2.
219 711 297 771 Ptin.
311 728 341 772 ιι.
354 711 382 770 b.
399 707 540 785 praem
563 707 720 769 Praeterea
743 715 790 768 est
813 707 957 788 quaedam
980 706 1100 787 publica
1123 709 1244 768 etiams

195 799 381 860 eruditorum
404 797 537 858 reiectio.
561 798 657 858 utitur
675 796 725 857 illa
748 804 778 858 et
796 797 833 857 ll.
853 797 968 858 Tullius
988 803 1071 857 entra
1094 813 1214 857 omnem

194 890 306 966 ingenii
334 887 427 949 aleam
450 887 580 966 positus,
603 893 633 946 et
656 879 752 970 (quod
775 881 933 968 miremur)
957 903 1011 965 per
1035 885 1213 946 aduocatum
1282 931 1288 950 .

195 976 379 1046 defenditurz
403 970 470 1036 ‘nec
494 975 683 1035 doctissimis.
706 973 837 1037 Manium
856 975 992 1037 Persium
1015 974 1089 1036 haec
1113 975 1236 1054 legere

195 1065 277 1146 nolo,
305 1064 423 1126 lunium
457 1063 591 1142 Congum
618 1060 714 1146 uolo',
744 1064 823 1144 quod
852 1065 878 1125 si
905 1064 962 1125 hoc
990 1063 1135 1144 Lucilius,
1160 1065 1213 1143 qui

195 1156 311 1233 primus
341 1153 475 1215 condidit
507 1151 568 1213 stili
595 1170 714 1235 nasum,
747 1152 908 1214 dicendum
935 1152 993 1214 sibi
1026 1155 1158 1234 putauit,
1187 1155 1213 1212 si
1228 1166 1259 1206 10

195 1242 300 1304 Cicero
319 1240 525 1322 mutuandum,
539 1244 714 1320 praesertim
730 1259 798 1303 cum
818 1241 854 1302 de
873 1241 1039 1322 republica
1059 1241 1215 1323 scriberet,

197 1339 307 1412 quanto
330 1349 386 1392 uos
410 1331 560 1391 causatius
584 1329 620 1391 ab
644 1330 742 1410 aliquo
765 1330 864 1391 iudice
889 1327 1098 1393 defendimus?

451 1529 494 1616 O.
527 1528 753 1616 Liciniis
781 1530 966 1621 MAOER

593 1659 818 1716 TESTIMONIA

164 1767 197 1834 l.
221 1774 255 1834 Α.
274 1773 324 1833 73.
347 1773 409 1834 681
432 1775 574 1835 tribunus
588 1776 703 1852 pletum
726 1793 794 1836 cum
813 1779 865 1836 alr
884 1778 1062 1852 praetprlus
1081 1781 1165 1851 essct,
1185 1795 1214 1838 a.

200 1862 253 1923 dd.
279 1862 343 1923 688
367 1881 386 1924 a
413 1863 561 1924 Cicerone
590 1867 831 1940 repetundarum
859 1868 890 1926 ιἰι
919 1868 966 1926 ius
994 1871 1122 1926 uocatus
1150 1869 1216 1942 ipse

197 1970 230 2013 se
254 1951 416 2028 interfecit.
1231 1967 1259 2006 1⁵
1302 2001 1303 2004 η

163 2035 197 2102 2.
221 2043 309 2102 Ilion.
321 2041 343 2101 I
355 2041 377 2100 7
402 2035 445 2100 Τὰ
464 2035 491 2101 δ’
514 2039 547 2101 ἐκ
565 2044 623 2101 τῶν
641 2041 777 2122 ἱστοριῶν
795 2036 1023 2122 ἀναλεξάμενος,
1037 2036 1073 2116 ἃς
1092 2043 1123 2104 ol
1138 2037 1216 2123 πρὸς
1302 2119 1303 2124 ¹

198 2133 298 2199 αὐτῶν
317 2133 527 2217 ἐπαινούμενοι
544 2133 699 2217 Ῥωμαίων
717 2138 920 2222 συνέγραψαν,
937 2172 974 2182 -
991 2137 1041 2200 sol
1059 2140 1216 2212 Λικίννιος

197 2230 308 2316 Μάκερ
330 2258 357 2296 ιι.
370 2257 394 2297 τ.
408 2239 433 2296 λ.
456 2238 518 2296 uid.
547 2237 650 2298 Calon.
674 2242 751 2314 orig.
775 2245 839 2299 lest.
858 2240 885 2299 I.
1185 2236 1187 2240 ¹

163 2328 197 2396 3.
227 2333 323 2394 Cicer.
341 2332 426 2394 Brut.
449 2331 503 2408 67,
526 2333 590 2394 238
613 2333 644 2395 C.
662 2334 761 2397 Macer
784 2338 960 2397 auctoritate
983 2353 1101 2413 semper
1125 2337 1216 2416 eguit,

198 2420 250 2482 sed
281 2421 338 2481 init
367 2428 511 2500 patronus
538 2424 754 2502 propemodum
782 2423 1033 2503 diligentissimus.
1071 2424 1161 2484 huius
1189 2427 1215 2484 si
1229 2437 1260 2476 ιο

198 2509 268 2590 uita,
294 2511 318 2569 si
343 2527 450 2590 mores,
474 2512 500 2570 si
523 2511 626 2572 uultus
650 2512 779 2593 denique
802 2531 863 2573 non
885 2530 1004 2573 omnem
1027 2511 1214 2574 commenda-

198 2599 310 2659 tionem
333 2599 435 2677 ingeni
458 2610 617 2681 euerteret,
636 2604 731 2664 maius
754 2619 862 2663 nomen
886 2603 917 2661 in
940 2603 1074 2680 patronis
1098 2602 1213 2662 luisset.
1302 2593 1303 2604 ³

198 2705 258 2748 non
282 2694 346 2748 erat
369 2686 536 2770 abundans,
565 2709 625 2750 non
651 2693 738 2770 inops
768 2698 880 2770 tamen,
904 2707 965 2754 non
991 2688 1077 2749 ualde
1101 2690 1214 2768 nitens,

199 2793 258 2836 non
281 2776 368 2856 plane
392 2775 512 2839 horrida
535 2781 644 2860 oratio;
668 2797 734 2859 uox,
757 2785 867 2857 gestus
883 2786 913 2838 et
933 2779 1028 2838 omnis
1052 2779 1129 2837 actio
1149 2779 1213 2838 sine

198 2864 314 2947 lepore3
341 2873 371 2926 at
393 2867 425 2926 in
448 2868 636 2929 inueniendis
660 2865 932 2946 componendisque
955 2865 1047 2927 rebus
1069 2869 1144 2927 mira
1168 2885 1213 2927 ac·
1228 2880 1256 2921 2⁵

199 2957 327 3035 curatio,
355 2963 389 3015 ut
417 2969 476 3017 non
505 2957 589 3017 facile
617 2957 648 3016 in
677 2955 736 3016 ullo
764 2954 983 3032 diligentiorem
1010 2958 1214 3035 maioremque

199 3045 404 3126 cognouerim,
429 3045 481 3106 sed
506 3063 582 3124 eam,
602 3053 635 3105 ut
658 3045 748 3104 citius
771 3047 983 3107 ueteratoriam
1007 3063 1094 3125 quam
1118 3053 1214 3107 orato-

198 3134 273 3193 riam
297 3133 422 3194 dieeres.
454 3133 501 3194 his
525 3135 582 3194 etsi
601 3134 689 3193 etiam
708 3134 739 3194 in
758 3132 887 3212 publicis
905 3137 1004 3196 causis
1024 3133 1213 3216 probabatur,

198 3223 351 3282 tamenin
380 3224 506 3301 priuatis
530 3220 722 3283 illustriorem
752 3222 904 3285 obtinebat
931 3223 1037 3285 locum.
1075 3227 1113 3285 dc
1136 3227 1212 3298 legg.

200 3310 273 3386 12,
300 3313 321 3371 7
356 3311 431 3372 Nam
463 3310 535 3390 quid
564 3309 695 3372 Macrum
724 3309 901 3375 numerem?
932 3315 1019 3374 cuius
1050 3311 1213 3391 loquacitas
1227 3326 1254 3365 oo

199 3398 288 3461 habet
315 3398 426 3480 aliquid
454 3402 651 3482 argutiarum,
684 3419 738 3462 nec
770 3402 802 3462 id
830 3408 928 3463 tamen
956 3419 992 3462 ex
1019 3399 1075 3461 illa·
1097 3400 1212 3462 erudita

199 3487 380 3550 Graecorum
405 3492 489 3566 copia
513 3490 565 3551 sed
589 3509 625 3552 ex
649 3489 808 3552 librariolis
827 3490 949 3572 Latinis,
973 3494 1005 3551 in
1028 3488 1212 3551 orationibus

199 3585 298 3639 antem
322 3575 429 3638 multas
452 3578 588 3660 ineptias,
612 3579 700 3641 elatio
719 3597 868 3641 summam
892 3580 1105 3659 inpudentiam.
