2670 4058
470 282 697 340 FRAGMENTA
718 289 794 340 1-7.
1095 283 1135 348 91

120 429 254 493 adiciunt
273 439 335 493 tres
354 440 508 512 praeterea
527 431 564 493 ab
583 432 642 494 iilis
661 431 778 496 duobus
798 431 853 494 sibi
873 430 1002 512 collegas
1021 440 1137 494 creatos

119 538 196 582 esse.
220 521 340 582 nomina
363 521 500 602 duorum,
524 523 576 601 qui
594 523 683 601 primi
706 523 799 583 creati
822 528 901 601 sunt,
924 521 997 583 baec
1016 520 1137 583 tradun-

119 617 183 672 tur:
207 609 240 671 L.
257 608 388 672 Sicinius
411 609 443 672 L.
462 610 482 671 i.
495 609 639 691 bellatus,
662 609 694 672 L.
708 609 845 673 Albinius
869 609 899 671 d.
920 609 1137 672 [paterculus.

122 693 407 780 mmmm

209 780 243 851 5.
270 788 342 850 dell.
357 807 386 849 κ.
397 789 456 849 Aa.
470 787 532 849 VII
542 787 618 862 (VI)
633 789 697 869 4,1
718 787 803 859 Quod
819 789 891 850 satis
906 786 1023 850 celebre
1040 795 1085 850 est
1100 767 1199 850 deff-⁰

118 875 207 938 Atilio
218 875 377 966 Regulo,id
385 878 556 956 nuperrime
564 875 689 956 legimus
697 879 728 938 in
736 876 876 939 Tuditani
883 879 1029 957 scriptum
1037 856 1199 940 λίλοείει604

117 963 267 1044 Regulum
281 973 399 1045 captum
415 964 450 1025 ad
466 983 508 1046 ea,
524 968 644 1045 quaein
659 973 764 1027 senatu
779 964 888 1027 Romae
903 965 978 1027 dixit
997 965 1134 1046 suadens,

117 1071 155 1114 ne
174 1055 287 1134 captiui
306 1072 374 1116 cum
390 1053 683 1134 Carthaginiensibus
702 1061 955 1135 pernotarentur,
969 1054 999 1116 id
1015 1072 1133 1135 quoque

117 1141 276 1222 addidisse,
301 1160 450 1204 uenenum
471 1142 528 1204 sibi
547 1142 805 1223 Carthaginienses
824 1143 950 1224 dedisse,
970 1161 1030 1204 non
1049 1160 1137 1222 prac-v

117 1233 292 1310 sentarium,
315 1231 368 1292 sed
392 1233 457 1292 eius
479 1231 561 1293 modi
584 1232 663 1311 quod
683 1239 810 1293 mortem
828 1234 859 1293 in
878 1231 956 1293 diem
976 1231 1133 1313 proterret,
1149 1244 1175 1284 1⁰

116 1338 151 1381 eo
175 1320 311 1399 consilio,
334 1330 368 1381 ut
390 1322 509 1381 uiueret
532 1319 653 1399 quidem
676 1323 821 1400 tantisper
840 1321 936 1400 quoad
960 1321 1045 1383 deret
1067 1338 1134 1400 per·

115 1411 252 1490 mutatio,
266 1416 334 1488 post
348 1416 446 1470 autem
461 1416 613 1488 grassante
634 1411 744 1471 sensim
764 1426 880 1470 ueneno
900 1409 1133 1472 contabesceret.

116 1496 254 1558 Eundem
272 1496 420 1577 Regulum
439 1496 557 1560 Tubero
582 1496 639 1576 [fr.
660 1497 693 1576 9]
718 1499 750 1559 in
773 1497 907 1560 historiis
931 1499 1044 1560 redisse
1064 1498 1132 1560 Gar-

115 1586 268 1665 thaginem
282 1588 429 1667 nouisque
444 1586 647 1666 exemplorum
666 1588 761 1648 modis
777 1589 980 1649 excruciatum
995 1606 1011 1648 a
1025 1587 1133 1648 Poenis

115 1674 196 1737 dicit.
212 1675 437 1736 —Tuditanus
460 1683 559 1737 autem
583 1692 686 1738 somno
710 1675 762 1738 diu
780 1675 964 1756 prohibitum
983 1684 1072 1757 atque
1091 1678 1131 1737 ita
1148 1687 1172 1729 1⁶

115 1766 178 1825 uita
201 1766 353 1843 priuatum
373 1764 475 1844 refert,
494 1764 584 1844 idque
602 1763 655 1826 arbi
674 1764 784 1826 Rornae
804 1767 955 1846 cognitum
974 1773 1030 1846 est,
1049 1764 1131 1826 nobi·

114 1852 244 1914 lissimos
263 1853 433 1914 Poenorum
456 1855 590 1933 captiuos
609 1852 711 1915 liberis
730 1853 837 1933 Reguli
856 1872 872 1915 a
892 1859 996 1915 senatu
1016 1852 1132 1915 deditos

113 1950 145 2004 et
168 1941 205 2002 ab
229 1943 331 2004 bisin
355 1943 481 2003 armario
505 1942 669 2004 muricibus
688 1943 819 2022 praefixo
839 1941 998 2004 destitutos
1017 1941 1132 2004 eadem·

114 2049 173 2112 que
197 2033 344 2093 insomnia
367 2033 516 2093 cruciatos
539 2032 687 2094 interisse.

205 2124 240 2192 6.
265 2130 423 2191 Plutarch.
443 2128 496 2190 Tu.
510 2130 604 2190 Flam.
625 2129 666 2188 14
692 2123 734 2191 Τό
756 2150 785 2190 τε
807 2131 866 2190 τῶν
883 2122 1040 2208 χρημάτων
1057 2121 1195 2206 πλοῖ-Ἢ

113 2233 172 2302 θος
195 2220 252 2288 οὐκ
273 2221 374 2308 ὀλίγον
396 2211 451 2305 ἦν,
480 2219 520 2300 ὥς
547 2220 775 2308 ἀναγράφουσιν
805 2226 836 2288 οἱ
855 2223 922 2306 τιερλ
948 2218 1131 2288 Τουδιτανὸν
1141 2209 1194 2261 ⁶⁶⁰

113 2322 149 2385 ἐν
179 2327 219 2410 τῷ
250 2315 393 2408 θριάμβῳ
428 2321 475 2402 [T.
509 2325 644 2397 Quinctii
670 2325 836 2386 diomtar'ai
862 2329 932 2400 post
958 2323 1131 2399 Philippum

114 2419 243 2499 uictum]
276 2423 459 2501 κομισθῆναι
490 2421 612 2502 χρυσίου
645 2417 698 2501 μὲν
726 2415 1004 2503 συγκεχωνευμένου
1035 2418 1132 2498 λίτρας

112 2519 272 2600 τρισχιλίας
295 2516 468 2592 ἑπτακοσίας
491 2519 651 2599 δεκατρεῖς,
679 2512 812 2601 δρχύρου
840 2513 872 2578 δὲ
894 2517 1131 2597 τετρακισμυρίας

112 2617 270 2699 τρισχιλίας
304 2617 455 2692 διακοσίας
484 2603 700 2697 rotondum,
727 2614 916 2695 φιλιτττιείους
944 2611 977 2676 δὲ
1004 2615 1131 2694 χρυσοῦς
1144 2631 1170 2673 ιο

114 2715 241 2796 μυρίους
262 2716 505 2796 τετρακισχιλίους
522 2715 733 2790 πεντακοσίους
752 2709 972 2791 δεκατέσσαρας,
991 2708 1079 2792 χωρίς
1098 2707 1131 2772 δὲ

112 2804 227 2875 τούτων
255 2806 290 2874 τὰ
313 2811 390 2894 χίλια
412 2807 539 2874 τάλαντα
563 2813 709 2886 Φίλιτιτιος
733 2805 866 2888 ὤφειλεν.

371 2961 421 3020 EX
439 2962 734 3021 Mautsrnaruvm
752 2959 871 3017 LIBRIS

492 3071 546 3126 EX
569 3069 694 3126 LIBRO
717 3069 757 3124 III

205 3179 237 3246 7.
261 3185 399 3248 Macrob.
414 3191 470 3246 sut.
487 3185 508 3246 I
521 3183 570 3258 13,
584 3183 624 3244 21
643 3182 766 3253 Quando
781 3189 878 3244 autem
894 3182 1024 3262 primum
1039 3182 1129 3244 inter·

111 3274 241 3338 celatum
264 3275 311 3354 sit,
335 3275 418 3334 uarie
438 3273 575 3335 retertur.
591 3271 813 3333 -Tuditanus
833 3271 925 3332 reiert
943 3269 1020 3331 libro
1040 3271 1128 3332 tertio

110 3365 350 3444 magistratuum,
373 3363 476 3424 decem
501 3364 592 3442 uiros,
616 3363 668 3440 qui
691 3361 794 3422 decem
820 3359 927 3421 tabulis
952 3360 1025 3422 duas
1049 3359 1128 3421 addi·
1143 3376 1170 3418 ao

111 3453 231 3532 derunt,
255 3451 291 3513 de
315 3451 518 3514 intercalando
541 3450 684 3533 populum
704 3467 832 3529 rogasse.
857 3443 911 3532 (cs.
930 3449 1011 3510 Cass.
1023 3448 1065 3525 fr.
1081 3449 1128 3510 18.

111 3542 210 3605 Licin.
230 3542 260 3602 4.
284 3544 353 3602 Ant.
372 3534 416 3623 5.)
