2620 4054
387 283 485 341 cusu.
506 291 583 342 1-4.
620 287 756 346 essen.
777 294 854 346 1-3.
1061 291 1126 358 309

77 426 109 493 3.
134 432 211 494 Plio.
227 451 270 512 ep.
294 433 394 508 Vns
417 434 592 498 Auunculus
611 455 696 499 meus
709 438 847 518 idemque
866 458 920 522 per
939 440 1128 520 adoptionem

111 520 359 695 ppperthJstorias
378 530 408 584 et
427 524 547 602 quidem
566 526 788 605 religiosissime
807 530 936 608 scripsit.
960 523 1015 613 (os.
1031 531 1127 592 1115.

77 695 112 760 4.
136 658 307 778 Symmocb.
326 719 371 780 ep.
391 703 520 770 111118
546 702 602 781 [od
619 705 812 784 Protodiom]
836 706 955 778 Priscas
978 707 1128 770 Gallorum

113 791 271 862 memorias
302 786 413 856 deferri
440 793 471 854 in
500 810 604 854 manus
629 801 696 855 tuas
721 795 862 874 postulas.
889 829 934 840 —
961 799 1070 879 enitar,
1102 799 1155 860 sis

113 877 176 939 fors
205 888 308 982 uotum
336 881 435 962 iuuet,
464 883 552 948 etiam
575 881 664 946 Plinii
692 881 823 946 Secundi
851 884 1028 965 Germanica
1052 883 1129 962 bella

113 985 299 1047 conquirere.
401 991 407 1000 ·

225 1120 273 1176 DE
291 1120 378 1177 vina
397 1121 562 1179 POMPONI
581 1122 739 1180 snbvertit
757 1122 1017 1182 FRAGMENTVM

204 1229 237 1300 1.
262 1239 340 1300 Plio.
363 1257 391 1298 n.
413 1239 441 1298 lt.
461 1238 570 1300 XIIII
588 1239 634 1299 56
669 1238 727 1300 Sed
751 1241 858 1305 ceteris
877 1242 957 1305 uiuis
980 1259 1129 1318 commen·

114 1326 219 1388 dandis
242 1329 365 1389 minima
388 1326 486 1407 aliqua
508 1329 638 1389 mixtura
657 1329 872 1392 medicamenta
892 1338 969 1392 sunt.
998 1329 1080 1410 quod
1096 1337 1130 1391 ut

114 1418 179 1478 eius
203 1418 347 1496 temporis
375 1419 579 1478 aestimatione
607 1419 638 1479 in
667 1417 797 1497 singulas
825 1419 982 1499 amphoras
1010 1419 1130 1481 centeni
1144 1441 1169 1480 ao

114 1507 229 1572 nummi
248 1513 429 1586 statuantur,
449 1525 485 1566 ex
504 1505 551 1566 his
570 1515 668 1570 tamen
696 1525 787 1568 usrrra
811 1507 1003 1590 multiplicata
1028 1509 1131 1571 semis-

0 1588 3 1597 ”
115 1595 211 1678 sibus,
240 1613 315 1676 quae
344 1595 441 1657 ciuilis
469 1614 503 1656 ac
530 1594 646 1657 modica
674 1605 732 1679 est,
760 1597 791 1660 in
821 1596 875 1666 Gai
897 1596 1031 1663 Caesaris
1059 1596 1131 1658 Ger·

115 1687 223 1749 manici
237 1685 280 1746 fili
293 1687 473 1766 principatu,
487 1687 572 1746 annis
587 1700 654 1748 nux
669 1685 800 1765 singulas
814 1689 919 1750 uncias
933 1689 997 1748 uini
1011 1705 1046 1748 eo
1061 1704 1131 1747 con·

116 1776 228 1835 stitisse
247 1773 341 1835 nobili
355 1774 489 1852 exemplo
510 1774 666 1836 docuimus
685 1774 850 1840 relerentes
867 1778 961 1838 uitam
974 1776 1131 1856 Pomponii

116 1861 247 1924 Secundi
270 1865 347 1924 natis
371 1880 543 1944 cenamque,
568 1881 655 1943 qnam
678 1865 808 1943 principi
831 1864 875 1926 illi
897 1865 987 1927 dedit.
1145 1883 1171 1924 rs

114 2012 315 2070 BELLORVM
347 2013 565 2070 GERMANIAM
602 2013 793 2072 LIBRORVM
821 2015 873 2071 XX
903 2013 1130 2070 FRAGMENTA

206 2123 267 2193 2²¹⁶.
291 2129 373 2190 Soet.
393 2129 486 2204 Oollg.
506 2128 527 2188 8
550 2125 606 2190 Vbi
628 2136 716 2188 natus
740 2131 779 2189 sit
805 2122 850 2212 [C.
869 2127 1012 2210 Caesor],
1035 2131 1130 2189 incer·
1140 2133 1194 2214 {²-

116 2225 180 2280 tum
203 2218 362 2280 diuersitas
390 2216 571 2282 tradentium
600 2217 677 2278 iacit.
715 2216 766 2280 Cn.
790 2217 936 2280 Lentulus
960 2216 1131 2279 Gaetulicus
1142 2225 1194 2296 uoq

115 2307 222 2370 Tiburi
244 2309 378 2387 genitum
397 2305 510 2386 scribit,
529 2303 643 2367 Plinius
663 2305 818 2368 Secundus
837 2309 869 2368 in
888 2305 1042 2388 Treueris,
1063 2307 1131 2369 uico

115 2397 289 2462 Ambitaruo
312 2413 403 2475 supra
426 2393 625 2456 Confluentes.
657 2393 738 2458 addit
762 2399 850 2460 etiam
869 2415 923 2478 pro
948 2403 1132 2477 argumento,

116 2505 182 2550 aras
205 2485 248 2546 ibi
266 2485 384 2547 ostendi
401 2485 573 2564 inscriptas:
597 2479 647 2545 ‘ob
666 2485 846 2566 Agrippinae
860 2480 1075 2564 puerperium’.
1088 2517 1130 2528 --
1145 2507 1172 2547 eo

117 2573 302 2637 Gaetulicum
320 2573 429 2634 refellit
445 2573 560 2634 Plinius
580 2575 664 2652 quasi
683 2577 839 2636 mentitum
854 2593 909 2653 per
924 2573 1132 2654 adulationem,

116 2672 150 2724 ut
174 2663 210 2724 ad
233 2661 336 2724 laudes
355 2664 474 2722 iuuenis
493 2662 674 2741 gloriosique
693 2665 838 2744 principis
857 2662 967 2742 aliquid
987 2664 1077 2724 etiam
1096 2681 1132 2723 ex

116 2753 191 2816 urbe
215 2750 337 2814 Herculi
365 2769 447 2813 sacra
476 2758 620 2832 sumeret,
649 2750 834 2832 abusumque
863 2751 1021 2812 audentius
1051 2769 1132 2811 men·

117 2842 210 2922 dacio,
230 2840 309 2920 quod
329 2848 396 2901 ante
416 2857 526 2900 annum
545 2840 607 2900 lere
628 2847 715 2901 natus
735 2839 909 2902 Germanico
929 2839 1007 2900 filius
1026 2839 1133 2900 Tiburi

117 2931 228 3010 luerat,
246 2928 409 3009 appellatus
429 2937 459 2989 et
477 2931 542 3008 ipse
557 2926 588 2989 C.
603 2927 719 2992 Caesar.
734 2964 776 2972 —
791 2927 921 2992 Plinium
940 2931 1037 3008 arguit
1056 2929 1131 2992 ratio
1146 2947 1172 2988 ss

116 3028 293 3100 temporum.

207 3104 241 3171 3.
270 3107 362 3170 Tacit.
387 3125 457 3168 oon.
477 3107 499 3167 I
520 3105 564 3166 69
590 3105 767 3169 Peruaserat
789 3108 910 3168 interim
933 3107 1134 3168 circumuenti
1141 3093 1195 3172 .¹.⁵.

88 3194 91 3202 ’
117 3201 266 3260 exercitus
290 3198 366 3258 lama
386 3206 416 3258 et
434 3195 542 3257 infesto
562 3194 777 3256 Germanorum
800 3197 916 3274 agmine
936 3195 1043 3257 Gallias
1062 3195 1132 3276 peti,
1143 3183 1194 3233 ⁷⁶⁸

117 3305 151 3348 ac
168 3289 201 3347 ni
213 3287 376 3367 Agrippina
389 3287 553 3367 inpositum
567 3283 671 3345 Rheno
684 3293 807 3364 pontem
826 3284 903 3346 solui
920 3283 1132 3366 prohibuisset,

118 3383 203 3436 erant
226 3376 330 3455 quiid
353 3374 499 3455 flagitium
521 3373 679 3436 tormidine
704 3372 855 3435 auderent.
885 3374 937 3436 sed
961 3374 1070 3435 femina
1089 3375 1132 3433 in·
1146 3386 1172 3427 so

1 3523 2 3532 ,
117 3483 190 3544 gens
213 3467 305 3525 animi
327 3466 428 3526 munia
451 3465 536 3525 ducis
559 3480 613 3541 per
637 3480 688 3523 eos
712 3461 775 3523 dies
799 3463 897 3524 induit
919 3461 1132 3544 militibusque,

118 3561 151 3616 ut
176 3555 243 3634 quis
266 3555 352 3632 inops
372 3562 423 3616 aut
442 3555 569 3632 saucius,
589 3560 705 3614 uestem
725 3560 755 3612 et
774 3551 904 3613 lomenia
923 3551 1060 3632 dilargita
1078 3559 1131 3612 est.

118 3642 221 3706 Tradit
239 3642 270 3704 G.
284 3642 408 3722 Plinius,
427 3642 670 3703 Germanicorum
690 3641 835 3702 bellorum
855 3643 994 3723 scriptor,
1013 3641 1132 3702 stetisse
