<?xml version="1.0" encoding="UTF-8"?>
<!DOCTYPE html PUBLIC "-//W3C//DTD XHTML 1.0 Transitional//EN"
    "http://www.w3.org/TR/xhtml1/DTD/xhtml1-transitional.dtd">
<html xmlns="http://www.w3.org/1999/xhtml" xml:lang="en" lang="en">
 <head>
  <title>
</title>
<meta http-equiv="Content-Type" content="text/html;charset=utf-8" />
  <meta name='ocr-system' content='tesseract 3.04.00' />
  <meta name='ocr-capabilities' content='ocr_page ocr_carea ocr_par ocr_line ocrx_word'/>
</head>
<body>
  <div class='ocr_page' id='page_1' title='image "./historicorumrom02petegoog_0308.png"; bbox 0 0 2620 4054; ppageno 0'>
   <div class='ocr_carea' id='block_1_1' title="bbox 445 231 1112 338">
    <p class='ocr_par' dir='ltr' id='par_1_1' title="bbox 445 231 1112 338">
     <span class='ocr_line' id='line_1_1' title="bbox 445 231 1112 338; baseline 0.015 -51"><span class='ocrx_word' id='word_1_1' title='bbox 445 231 674 288; x_wconf 77' lang='lat' dir='ltr'>FRAGMENTA</span> <span class='ocrx_word' id='word_1_2' title='bbox 693 239 772 290; x_wconf 80' lang='lat'><strong>2-9.</strong></span> <span class='ocrx_word' id='word_1_3' title='bbox 916 316 924 338; x_wconf 42' lang='grc' dir='ltr'>ι</span> <span class='ocrx_word' id='word_1_4' title='bbox 1049 231 1112 297; x_wconf 80' lang='grc'><strong>281</strong></span> 
     </span>
    </p>
   </div>
   <div class='ocr_carea' id='block_1_2' title="bbox 90 378 1168 2332">
    <p class='ocr_par' dir='ltr' id='par_1_2' title="bbox 90 378 1168 2332">
     <span class='ocr_line' id='line_1_2' title="bbox 190 378 1115 463; baseline -0.002 -20"><span class='ocrx_word' id='word_1_5' title='bbox 190 378 250 444; x_wconf 72' lang='lat'>6²¹².</span> <span class='ocrx_word' id='word_1_6' title='bbox 275 383 414 445; x_wconf 67' lang='lat' dir='ltr'><strong>Macron.</strong></span> <span class='ocrx_word' id='word_1_7' title='bbox 429 390 485 444; x_wconf 81' lang='lat' dir='ltr'><strong>sat.</strong></span> <span class='ocrx_word' id='word_1_8' title='bbox 502 383 564 457; x_wconf 78' lang='lat'><strong>17,</strong></span> <span class='ocrx_word' id='word_1_9' title='bbox 579 382 620 442; x_wconf 85' lang='grc'>19</span> <span class='ocrx_word' id='word_1_10' title='bbox 643 381 805 462; x_wconf 88' lang='lat' dir='ltr'><strong>Hegionem</strong></span> <span class='ocrx_word' id='word_1_11' title='bbox 824 384 920 463; x_wconf 91' lang='lat' dir='ltr'><strong>istam,</strong></span> <span class='ocrx_word' id='word_1_12' title='bbox 940 399 1016 460; x_wconf 86' lang='lat' dir='ltr'><strong>quae</strong></span> <span class='ocrx_word' id='word_1_13' title='bbox 1035 398 1115 442; x_wconf 92' lang='lat' dir='ltr'><strong>nunc</strong></span> 
     </span>
     <span class='ocr_line' id='line_1_3' title="bbox 101 469 1115 553; baseline -0.001 -22"><span class='ocrx_word' id='word_1_14' title='bbox 101 479 225 533; x_wconf 91' lang='lat' dir='ltr'><strong>uocatur</strong></span> <span class='ocrx_word' id='word_1_15' title='bbox 243 471 340 552; x_wconf 84' lang='lat' dir='ltr'><strong>ltalia,</strong></span> <span class='ocrx_word' id='word_1_16' title='bbox 363 490 461 551; x_wconf 72' lang='lat' dir='ltr'><strong>regno,</strong></span> <span class='ocrx_word' id='word_1_17' title='bbox 474 471 562 532; x_wconf 86' lang='lat' dir='ltr'><strong>lanus</strong></span> <span class='ocrx_word' id='word_1_18' title='bbox 582 474 724 553; x_wconf 91' lang='lat' dir='ltr'><strong>optinuit,</strong></span> <span class='ocrx_word' id='word_1_19' title='bbox 748 473 812 553; x_wconf 91' lang='lat' dir='ltr'><strong>qui,</strong></span> <span class='ocrx_word' id='word_1_20' title='bbox 836 478 869 532; x_wconf 92' lang='lat' dir='ltr'><strong>ut</strong></span> <span class='ocrx_word' id='word_1_21' title='bbox 892 470 1025 551; x_wconf 79' lang='lat' dir='ltr'><strong>Hyginus</strong></span> <span class='ocrx_word' id='word_1_22' title='bbox 1044 469 1115 530; x_wconf 89' lang='lat' dir='ltr'><strong>Pro·</strong></span> 
     </span>
     <span class='ocr_line' id='line_1_4' title="bbox 101 559 1115 641; baseline 0 -21"><span class='ocrx_word' id='word_1_23' title='bbox 101 560 236 622; x_wconf 90' lang='lat' dir='ltr'><strong>tarchum</strong></span> <span class='ocrx_word' id='word_1_24' title='bbox 255 560 436 622; x_wconf 84' lang='lat' dir='ltr'><strong>Trallianum</strong></span> <span class='ocrx_word' id='word_1_25' title='bbox 455 568 576 622; x_wconf 88' lang='lat' dir='ltr'><strong>secutus</strong></span> <span class='ocrx_word' id='word_1_26' title='bbox 600 561 699 641; x_wconf 80' lang='lat' dir='ltr'>tradit,</span> <span class='ocrx_word' id='word_1_27' title='bbox 722 578 791 622; x_wconf 91' lang='lat' dir='ltr'><strong>cnm</strong></span> <span class='ocrx_word' id='word_1_28' title='bbox 809 559 931 621; x_wconf 87' lang='lat' dir='ltr'><strong>Camese</strong></span> <span class='ocrx_word' id='word_1_29' title='bbox 955 577 1049 638; x_wconf 88' lang='lat' dir='ltr'><strong>aeque</strong></span> <span class='ocrx_word' id='word_1_30' title='bbox 1071 561 1115 620; x_wconf 92' lang='lat' dir='ltr'><strong>in·</strong></span> 
     </span>
     <span class='ocr_line' id='line_1_5' title="bbox 101 648 1116 730; baseline -0.001 -20"><span class='ocrx_word' id='word_1_31' title='bbox 101 649 206 729; x_wconf 85' lang='lat' dir='ltr'><strong>digena</strong></span> <span class='ocrx_word' id='word_1_32' title='bbox 228 657 340 712; x_wconf 86' lang='lat' dir='ltr'><strong>terram</strong></span> <span class='ocrx_word' id='word_1_33' title='bbox 362 649 439 711; x_wconf 93' lang='lat' dir='ltr'><strong>hanc</strong></span> <span class='ocrx_word' id='word_1_34' title='bbox 458 652 499 710; x_wconf 89' lang='lat' dir='ltr'><strong>ita</strong></span> <span class='ocrx_word' id='word_1_35' title='bbox 517 651 692 729; x_wconf 87' lang='lat' dir='ltr'><strong>participate</strong></span> <span class='ocrx_word' id='word_1_36' title='bbox 711 651 843 729; x_wconf 89' lang='lat' dir='ltr'><strong>potentia</strong></span> <span class='ocrx_word' id='word_1_37' title='bbox 861 648 1063 730; x_wconf 76' lang='lat' dir='ltr'>possidebant,</span> <span class='ocrx_word' id='word_1_38' title='bbox 1083 656 1116 709; x_wconf 93' lang='lat' dir='ltr'><strong>nt</strong></span> 
     </span>
     <span class='ocr_line' id='line_1_6' title="bbox 100 737 1142 820; baseline -0.003 -22"><span class='ocrx_word' id='word_1_39' title='bbox 100 741 182 817; x_wconf 89' lang='lat' dir='ltr'><strong>regio</strong></span> <span class='ocrx_word' id='word_1_40' title='bbox 207 738 380 820; x_wconf 79' lang='lat' dir='ltr'><strong>Camasene,</strong></span> <span class='ocrx_word' id='word_1_41' title='bbox 405 739 546 818; x_wconf 92' lang='lat' dir='ltr'><strong>oppidum</strong></span> <span class='ocrx_word' id='word_1_42' title='bbox 574 738 739 800; x_wconf 81' lang='lat' dir='ltr'><strong>Ianiculum</strong></span> <span class='ocrx_word' id='word_1_43' title='bbox 763 741 955 800; x_wconf 88' lang='lat' dir='ltr'><strong>uocitarctur.</strong></span> <span class='ocrx_word' id='word_1_44' title='bbox 987 745 1055 816; x_wconf 90' lang='lat' dir='ltr'><strong>post</strong></span> <span class='ocrx_word' id='word_1_45' title='bbox 1078 737 1142 798; x_wconf 78' lang='lat' dir='ltr'><strong>ado</strong></span> 
     </span>
     <span class='ocr_line' id='line_1_7' title="bbox 100 826 1115 910; baseline -0.001 -22"><span class='ocrx_word' id='word_1_46' title='bbox 100 826 202 889; x_wconf 89' lang='lat' dir='ltr'><strong>lanum</strong></span> <span class='ocrx_word' id='word_1_47' title='bbox 231 826 327 888; x_wconf 87' lang='lat' dir='ltr'><strong>solum</strong></span> <span class='ocrx_word' id='word_1_48' title='bbox 351 847 476 908; x_wconf 90' lang='lat' dir='ltr'><strong>regnum</strong></span> <span class='ocrx_word' id='word_1_49' title='bbox 495 828 648 889; x_wconf 90' lang='lat' dir='ltr'><strong>redactum</strong></span> <span class='ocrx_word' id='word_1_50' title='bbox 668 837 727 910; x_wconf 88' lang='lat' dir='ltr'><strong>est,</strong></span> <span class='ocrx_word' id='word_1_51' title='bbox 746 831 798 908; x_wconf 90' lang='lat' dir='ltr'><strong>qui</strong></span> <span class='ocrx_word' id='word_1_52' title='bbox 817 826 950 890; x_wconf 83' lang='lat' dir='ltr'><strong>oredrtur</strong></span> <span class='ocrx_word' id='word_1_53' title='bbox 969 828 1115 906; x_wconf 88' lang='lat' dir='ltr'><strong>geminam</strong></span> 
     </span>
     <span class='ocr_line' id='line_1_8' title="bbox 101 916 1115 998; baseline 0 -22"><span class='ocrx_word' id='word_1_54' title='bbox 101 917 205 978; x_wconf 89' lang='lat' dir='ltr'><strong>laciem</strong></span> <span class='ocrx_word' id='word_1_55' title='bbox 220 916 406 997; x_wconf 89' lang='lat' dir='ltr'><strong>praetulisse,</strong></span> <span class='ocrx_word' id='word_1_56' title='bbox 421 926 455 979; x_wconf 93' lang='lat' dir='ltr'><strong>ut</strong></span> <span class='ocrx_word' id='word_1_57' title='bbox 470 935 545 997; x_wconf 90' lang='lat' dir='ltr'><strong>quae</strong></span> <span class='ocrx_word' id='word_1_58' title='bbox 560 926 627 978; x_wconf 90' lang='lat' dir='ltr'><strong>ante</strong></span> <span class='ocrx_word' id='word_1_59' title='bbox 643 936 778 998; x_wconf 86' lang='lat' dir='ltr'><strong>quaeque</strong></span> <span class='ocrx_word' id='word_1_60' title='bbox 792 924 860 998; x_wconf 88' lang='lat' dir='ltr'><strong>post</strong></span> <span class='ocrx_word' id='word_1_61' title='bbox 874 925 991 996; x_wconf 88' lang='lat' dir='ltr'><strong>tergum</strong></span> <span class='ocrx_word' id='word_1_62' title='bbox 1007 923 1115 997; x_wconf 90' lang='lat' dir='ltr'><strong>essent,</strong></span> 
     </span>
     <span class='ocr_line' id='line_1_9' title="bbox 101 1003 1115 1086; baseline -0.002 -20"><span class='ocrx_word' id='word_1_63' title='bbox 101 1008 276 1067; x_wconf 79' lang='lat' dir='ltr'>intueretur.</span> <span class='ocrx_word' id='word_1_64' title='bbox 301 1007 380 1085; x_wconf 91' lang='lat' dir='ltr'><strong>quod</strong></span> <span class='ocrx_word' id='word_1_65' title='bbox 403 1006 624 1086; x_wconf 92' lang='lat' dir='ltr'><strong>proculdubio</strong></span> <span class='ocrx_word' id='word_1_66' title='bbox 648 1007 684 1068; x_wconf 90' lang='lat' dir='ltr'><strong>ad</strong></span> <span class='ocrx_word' id='word_1_67' title='bbox 708 1007 896 1086; x_wconf 83' lang='lat' dir='ltr'><strong>prudentiam</strong></span> <span class='ocrx_word' id='word_1_68' title='bbox 915 1007 995 1084; x_wconf 88' lang='lat' dir='ltr'><strong>regis</strong></span> <span class='ocrx_word' id='word_1_69' title='bbox 1014 1003 1115 1065; x_wconf 90' lang='lat' dir='ltr'><strong>soller-</strong></span> 
     </span>
     <span class='ocr_line' id='line_1_10' title="bbox 90 1093 1116 1177; baseline -0.002 -22"><span class='ocrx_word' id='word_1_70' title='bbox 90 1097 237 1174; x_wconf 83' lang='lat' dir='ltr'><strong>tiamque·</strong></span> <span class='ocrx_word' id='word_1_71' title='bbox 254 1095 445 1157; x_wconf 84' lang='lat' dir='ltr'><strong>referendum</strong></span> <span class='ocrx_word' id='word_1_72' title='bbox 469 1103 523 1177; x_wconf 90' lang='lat' dir='ltr'><strong>est,</strong></span> <span class='ocrx_word' id='word_1_73' title='bbox 543 1097 595 1175; x_wconf 88' lang='lat' dir='ltr'><strong>qui</strong></span> <span class='ocrx_word' id='word_1_74' title='bbox 613 1103 643 1156; x_wconf 90' lang='lat' dir='ltr'><strong>et</strong></span> <span class='ocrx_word' id='word_1_75' title='bbox 661 1098 821 1175; x_wconf 90' lang='lat' dir='ltr'><strong>praeterita</strong></span> <span class='ocrx_word' id='word_1_76' title='bbox 846 1101 948 1155; x_wconf 89' lang='lat' dir='ltr'><strong>nosset</strong></span> <span class='ocrx_word' id='word_1_77' title='bbox 966 1102 997 1154; x_wconf 90' lang='lat' dir='ltr'><strong>et</strong></span> <span class='ocrx_word' id='word_1_78' title='bbox 1015 1093 1116 1154; x_wconf 89' lang='lat' dir='ltr'><strong>lutura</strong></span> 
     </span>
     <span class='ocr_line' id='line_1_11' title="bbox 100 1177 1156 1266; baseline -0.005 -22"><span class='ocrx_word' id='word_1_79' title='bbox 100 1186 294 1266; x_wconf 79' lang='lat' dir='ltr'><strong>prospiceret,</strong></span> <span class='ocrx_word' id='word_1_80' title='bbox 313 1186 392 1246; x_wconf 85' lang='lat' dir='ltr'><strong>sicut</strong></span> <span class='ocrx_word' id='word_1_81' title='bbox 405 1177 568 1248; x_wconf 71' lang='lat' dir='ltr'><strong>Antenorta</strong></span> <span class='ocrx_word' id='word_1_82' title='bbox 588 1194 618 1246; x_wconf 88' lang='lat' dir='ltr'><strong>et</strong></span> <span class='ocrx_word' id='word_1_83' title='bbox 630 1185 799 1266; x_wconf 89' lang='lat' dir='ltr'><strong>Postuerta,</strong></span> <span class='ocrx_word' id='word_1_84' title='bbox 818 1185 983 1246; x_wconf 88' lang='lat' dir='ltr'><strong>diuinitatis</strong></span> <span class='ocrx_word' id='word_1_85' title='bbox 1002 1181 1117 1243; x_wconf 89' lang='lat' dir='ltr'><strong>scilicet</strong></span> <span class='ocrx_word' id='word_1_86' title='bbox 1130 1197 1156 1238; x_wconf 85' lang='lat' dir='ltr'><strong>xo</strong></span> 
     </span>
     <span class='ocr_line' id='line_1_12' title="bbox 100 1271 1115 1356; baseline -0.001 -24"><span class='ocrx_word' id='word_1_87' title='bbox 100 1274 269 1351; x_wconf 77' lang='lat' dir='ltr'><strong>aptissimae</strong></span> <span class='ocrx_word' id='word_1_88' title='bbox 284 1276 418 1356; x_wconf 84' lang='lat' dir='ltr'><strong>comites,</strong></span> <span class='ocrx_word' id='word_1_89' title='bbox 432 1273 510 1353; x_wconf 91' lang='lat' dir='ltr'><strong>apud</strong></span> <span class='ocrx_word' id='word_1_90' title='bbox 527 1273 674 1336; x_wconf 83' lang='lat' dir='ltr'><strong>Romanos</strong></span> <span class='ocrx_word' id='word_1_91' title='bbox 688 1273 836 1336; x_wconf 92' lang='lat' dir='ltr'><strong>coluntur.</strong></span> <span class='ocrx_word' id='word_1_92' title='bbox 852 1273 902 1333; x_wconf 92' lang='lat' dir='ltr'><strong>hic</strong></span> <span class='ocrx_word' id='word_1_93' title='bbox 916 1274 1009 1352; x_wconf 88' lang='lat' dir='ltr'><strong>igitur</strong></span> <span class='ocrx_word' id='word_1_94' title='bbox 1018 1271 1115 1351; x_wconf 89' lang='lat' dir='ltr'><strong>lanus,</strong></span> 
     </span>
     <span class='ocr_line' id='line_1_13' title="bbox 101 1360 1115 1443; baseline -0.002 -21"><span class='ocrx_word' id='word_1_95' title='bbox 101 1379 169 1422; x_wconf 90' lang='lat' dir='ltr'><strong>cum</strong></span> <span class='ocrx_word' id='word_1_96' title='bbox 184 1361 346 1424; x_wconf 87' lang='lat' dir='ltr'><strong>Saturnum</strong></span> <span class='ocrx_word' id='word_1_97' title='bbox 361 1361 455 1424; x_wconf 90' lang='lat' dir='ltr'><strong>classe</strong></span> <span class='ocrx_word' id='word_1_98' title='bbox 469 1370 646 1442; x_wconf 86' lang='lat' dir='ltr'><strong>peruentum</strong></span> <span class='ocrx_word' id='word_1_99' title='bbox 661 1365 827 1443; x_wconf 83' lang='lat' dir='ltr'><strong>excepisset</strong></span> <span class='ocrx_word' id='word_1_100' title='bbox 845 1362 974 1441; x_wconf 79' lang='lat' dir='ltr'><strong>hospitIo</strong></span> <span class='ocrx_word' id='word_1_101' title='bbox 989 1368 1020 1421; x_wconf 90' lang='lat' dir='ltr'><strong>et</strong></span> <span class='ocrx_word' id='word_1_102' title='bbox 1033 1360 1115 1421; x_wconf 90' lang='lat' dir='ltr'><strong>abeo</strong></span> 
     </span>
     <span class='ocr_line' id='line_1_14' title="bbox 101 1449 1116 1530; baseline 0 -20"><span class='ocrx_word' id='word_1_103' title='bbox 101 1449 224 1511; x_wconf 91' lang='lat' dir='ltr'><strong>edoctus</strong></span> <span class='ocrx_word' id='word_1_104' title='bbox 247 1454 384 1530; x_wconf 90' lang='lat' dir='ltr'><strong>peritiam</strong></span> <span class='ocrx_word' id='word_1_105' title='bbox 408 1454 488 1513; x_wconf 90' lang='lat' dir='ltr'><strong>ruris</strong></span> <span class='ocrx_word' id='word_1_106' title='bbox 512 1453 609 1513; x_wconf 87' lang='lat' dir='ltr'><strong>lerum</strong></span> <span class='ocrx_word' id='word_1_107' title='bbox 632 1450 715 1513; x_wconf 91' lang='lat' dir='ltr'><strong>illum</strong></span> <span class='ocrx_word' id='word_1_108' title='bbox 739 1460 770 1513; x_wconf 90' lang='lat' dir='ltr'><strong>et</strong></span> <span class='ocrx_word' id='word_1_109' title='bbox 792 1451 899 1513; x_wconf 90' lang='lat' dir='ltr'><strong>rudem</strong></span> <span class='ocrx_word' id='word_1_110' title='bbox 922 1458 989 1511; x_wconf 88' lang='lat' dir='ltr'><strong>ante</strong></span> <span class='ocrx_word' id='word_1_111' title='bbox 1014 1450 1116 1528; x_wconf 81' lang='lat' dir='ltr'><strong>fruges</strong></span> 
     </span>
     <span class='ocr_line' id='line_1_15' title="bbox 100 1539 1168 1622; baseline 0 -23"><span class='ocrx_word' id='word_1_112' title='bbox 100 1540 233 1618; x_wconf 86' lang='lat' dir='ltr'><strong>cognitas</strong></span> <span class='ocrx_word' id='word_1_113' title='bbox 256 1542 370 1602; x_wconf 89' lang='lat' dir='ltr'><strong>uictum</strong></span> <span class='ocrx_word' id='word_1_114' title='bbox 394 1543 425 1602; x_wconf 92' lang='lat' dir='ltr'><strong>in</strong></span> <span class='ocrx_word' id='word_1_115' title='bbox 449 1540 556 1602; x_wconf 90' lang='lat' dir='ltr'><strong>melius</strong></span> <span class='ocrx_word' id='word_1_116' title='bbox 579 1540 753 1622; x_wconf 83' lang='lat' dir='ltr'><strong>redegisset,</strong></span> <span class='ocrx_word' id='word_1_117' title='bbox 772 1543 858 1620; x_wconf 87' lang='lat' dir='ltr'><strong>regni</strong></span> <span class='ocrx_word' id='word_1_118' title='bbox 881 1547 950 1601; x_wconf 84' lang='lat' dir='ltr'><strong>eum</strong></span> <span class='ocrx_word' id='word_1_119' title='bbox 974 1541 1115 1600; x_wconf 87' lang='lat' dir='ltr'><strong>societate</strong></span> <span class='ocrx_word' id='word_1_120' title='bbox 1165 1539 1168 1545; x_wconf 87' lang='lat'>&#39;</span> 
     </span>
     <span class='ocr_line' id='line_1_16' title="bbox 100 1629 1156 1710; baseline 0.001 -23"><span class='ocrx_word' id='word_1_121' title='bbox 100 1629 278 1689; x_wconf 81' lang='lat' dir='ltr'><strong>muneranit</strong></span> <span class='ocrx_word' id='word_1_122' title='bbox 301 1648 370 1690; x_wconf 91' lang='lat' dir='ltr'><strong>cum</strong></span> <span class='ocrx_word' id='word_1_123' title='bbox 393 1632 508 1709; x_wconf 91' lang='lat' dir='ltr'><strong>primus</strong></span> <span class='ocrx_word' id='word_1_124' title='bbox 532 1648 651 1710; x_wconf 85' lang='lat' dir='ltr'><strong>quoquc</strong></span> <span class='ocrx_word' id='word_1_125' title='bbox 675 1648 742 1691; x_wconf 87' lang='lat' dir='ltr'><strong>acra</strong></span> <span class='ocrx_word' id='word_1_126' title='bbox 766 1633 906 1710; x_wconf 80' lang='lat' dir='ltr'><strong>signaret,</strong></span> <span class='ocrx_word' id='word_1_127' title='bbox 930 1629 1063 1690; x_wconf 88' lang='lat' dir='ltr'><strong>seruauit</strong></span> <span class='ocrx_word' id='word_1_128' title='bbox 1086 1637 1116 1688; x_wconf 91' lang='lat' dir='ltr'><strong>et</strong></span> <span class='ocrx_word' id='word_1_129' title='bbox 1130 1639 1156 1680; x_wconf 80' lang='lat'><strong>1⁵</strong></span> 
     </span>
     <span class='ocr_line' id='line_1_17' title="bbox 100 1716 1116 1800; baseline 0.001 -24"><span class='ocrx_word' id='word_1_130' title='bbox 100 1718 131 1777; x_wconf 93' lang='lat' dir='ltr'><strong>in</strong></span> <span class='ocrx_word' id='word_1_131' title='bbox 154 1716 212 1778; x_wconf 92' lang='lat' dir='ltr'><strong>hoc</strong></span> <span class='ocrx_word' id='word_1_132' title='bbox 235 1716 357 1779; x_wconf 90' lang='lat' dir='ltr'><strong>Saturni</strong></span> <span class='ocrx_word' id='word_1_133' title='bbox 380 1721 594 1800; x_wconf 85' lang='lat' dir='ltr'><strong>reuerentiam,</strong></span> <span class='ocrx_word' id='word_1_134' title='bbox 619 1726 665 1800; x_wconf 91' lang='lat' dir='ltr'><strong>ut,</strong></span> <span class='ocrx_word' id='word_1_135' title='bbox 690 1721 829 1798; x_wconf 87' lang='lat' dir='ltr'><strong>quoniam</strong></span> <span class='ocrx_word' id='word_1_136' title='bbox 852 1718 902 1780; x_wconf 89' lang='lat' dir='ltr'><strong>illc</strong></span> <span class='ocrx_word' id='word_1_137' title='bbox 925 1719 995 1779; x_wconf 91' lang='lat' dir='ltr'><strong>naui</strong></span> <span class='ocrx_word' id='word_1_138' title='bbox 1019 1719 1116 1778; x_wconf 86' lang='lat' dir='ltr'><strong>luerat</strong></span> 
     </span>
     <span class='ocr_line' id='line_1_18' title="bbox 100 1804 1116 1888; baseline 0.001 -23"><span class='ocrx_word' id='word_1_139' title='bbox 100 1804 253 1886; x_wconf 86' lang='lat' dir='ltr'><strong>aduectus,</strong></span> <span class='ocrx_word' id='word_1_140' title='bbox 272 1824 307 1867; x_wconf 90' lang='lat' dir='ltr'><strong>ex</strong></span> <span class='ocrx_word' id='word_1_141' title='bbox 328 1825 386 1867; x_wconf 91' lang='lat' dir='ltr'><strong>una</strong></span> <span class='ocrx_word' id='word_1_142' title='bbox 406 1809 525 1886; x_wconf 90' lang='lat' dir='ltr'><strong>quidem</strong></span> <span class='ocrx_word' id='word_1_143' title='bbox 544 1810 693 1888; x_wconf 86' lang='lat' dir='ltr'><strong>partesui</strong></span> <span class='ocrx_word' id='word_1_144' title='bbox 710 1810 816 1887; x_wconf 90' lang='lat' dir='ltr'><strong>capitis</strong></span> <span class='ocrx_word' id='word_1_145' title='bbox 836 1807 958 1887; x_wconf 78' lang='lat' dir='ltr'><strong>effigIes,</strong></span> <span class='ocrx_word' id='word_1_146' title='bbox 973 1821 1009 1868; x_wconf 85' lang='lat' dir='ltr'><strong>ex</strong></span> <span class='ocrx_word' id='word_1_147' title='bbox 1024 1806 1116 1867; x_wconf 88' lang='lat' dir='ltr'><strong>altera</strong></span> 
     </span>
     <span class='ocr_line' id='line_1_19' title="bbox 100 1896 1116 1978; baseline 0 -23"><span class='ocrx_word' id='word_1_148' title='bbox 100 1912 174 1955; x_wconf 89' lang='lat' dir='ltr'><strong>uero</strong></span> <span class='ocrx_word' id='word_1_149' title='bbox 193 1896 279 1955; x_wconf 90' lang='lat' dir='ltr'><strong>nauis</strong></span> <span class='ocrx_word' id='word_1_150' title='bbox 293 1897 519 1978; x_wconf 87' lang='lat' dir='ltr'><strong>exprimeretur,</strong></span> <span class='ocrx_word' id='word_1_151' title='bbox 535 1916 593 1977; x_wconf 91' lang='lat' dir='ltr'><strong>quo</strong></span> <span class='ocrx_word' id='word_1_152' title='bbox 609 1897 732 1959; x_wconf 90' lang='lat' dir='ltr'><strong>Saturni</strong></span> <span class='ocrx_word' id='word_1_153' title='bbox 745 1898 919 1967; x_wconf 86' lang='lat' dir='ltr'><strong>memoriam</strong></span> <span class='ocrx_word' id='word_1_154' title='bbox 933 1898 965 1956; x_wconf 92' lang='lat' dir='ltr'><strong>in</strong></span> <span class='ocrx_word' id='word_1_155' title='bbox 980 1903 1116 1974; x_wconf 88' lang='lat' dir='ltr'><strong>posteros</strong></span> 
     </span>
     <span class='ocr_line' id='line_1_20' title="bbox 99 1983 1115 2062; baseline 0.002 -20"><span class='ocrx_word' id='word_1_156' title='bbox 99 1992 343 2062; x_wconf 80' lang='lat' dir='ltr'><strong>propagaret-</strong></span> <span class='ocrx_word' id='word_1_157' title='bbox 363 1983 437 2045; x_wconf 86' lang='lat' dir='ltr'><strong>Cum</strong></span> <span class='ocrx_word' id='word_1_158' title='bbox 459 1987 539 2047; x_wconf 87' lang='lat' dir='ltr'><strong>inter</strong></span> <span class='ocrx_word' id='word_1_159' title='bbox 561 1986 635 2048; x_wconf 86' lang='lat' dir='ltr'><strong>haec</strong></span> <span class='ocrx_word' id='word_1_160' title='bbox 659 1986 758 2048; x_wconf 90' lang='lat' dir='ltr'><strong>subito</strong></span> <span class='ocrx_word' id='word_1_161' title='bbox 783 1985 930 2047; x_wconf 88' lang='lat' dir='ltr'><strong>Saturnus</strong></span> <span class='ocrx_word' id='word_1_162' title='bbox 953 2001 1014 2045; x_wconf 94' lang='lat' dir='ltr'><strong>non</strong></span> <span class='ocrx_word' id='word_1_163' title='bbox 1037 2001 1115 2045; x_wconf 94' lang='lat' dir='ltr'><strong>com-</strong></span> 
     </span>
     <span class='ocr_line' id='line_1_21' title="bbox 99 2073 1157 2153; baseline 0.002 -22"><span class='ocrx_word' id='word_1_164' title='bbox 99 2073 262 2152; x_wconf 89' lang='lat' dir='ltr'><strong>paruisset,</strong></span> <span class='ocrx_word' id='word_1_165' title='bbox 285 2074 465 2150; x_wconf 88' lang='lat' dir='ltr'><strong>excogitauit</strong></span> <span class='ocrx_word' id='word_1_166' title='bbox 492 2073 579 2136; x_wconf 92' lang='lat' dir='ltr'><strong>lanus</strong></span> <span class='ocrx_word' id='word_1_167' title='bbox 608 2075 756 2136; x_wconf 90' lang='lat' dir='ltr'><strong>honorum</strong></span> <span class='ocrx_word' id='word_1_168' title='bbox 785 2077 851 2136; x_wconf 89' lang='lat' dir='ltr'><strong>eius</strong></span> <span class='ocrx_word' id='word_1_169' title='bbox 879 2081 1044 2153; x_wconf 89' lang='lat' dir='ltr'><strong>augmenta.</strong></span> <span class='ocrx_word' id='word_1_170' title='bbox 1081 2090 1115 2133; x_wconf 93' lang='lat' dir='ltr'><strong>ac</strong></span> <span class='ocrx_word' id='word_1_171' title='bbox 1131 2086 1157 2126; x_wconf 80' lang='lat'><strong>20</strong></span> 
     </span>
     <span class='ocr_line' id='line_1_22' title="bbox 99 2162 1116 2243; baseline 0.002 -23"><span class='ocrx_word' id='word_1_172' title='bbox 99 2162 229 2238; x_wconf 93' lang='lat' dir='ltr'><strong>primum</strong></span> <span class='ocrx_word' id='word_1_173' title='bbox 254 2169 364 2221; x_wconf 89' lang='lat' dir='ltr'><strong>terram</strong></span> <span class='ocrx_word' id='word_1_174' title='bbox 389 2179 506 2222; x_wconf 89' lang='lat' dir='ltr'><strong>omnem</strong></span> <span class='ocrx_word' id='word_1_175' title='bbox 529 2163 639 2225; x_wconf 93' lang='lat' dir='ltr'><strong>dicioni</strong></span> <span class='ocrx_word' id='word_1_176' title='bbox 667 2183 738 2226; x_wconf 90' lang='lat' dir='ltr'><strong>suae</strong></span> <span class='ocrx_word' id='word_1_177' title='bbox 769 2172 922 2243; x_wconf 89' lang='lat' dir='ltr'><strong>parentem</strong></span> <span class='ocrx_word' id='word_1_178' title='bbox 947 2162 1116 2223; x_wconf 89' lang='lat' dir='ltr'><strong>Saturniam</strong></span> 
     </span>
     <span class='ocr_line' id='line_1_23' title="bbox 99 2249 1117 2332; baseline 0.003 -23"><span class='ocrx_word' id='word_1_179' title='bbox 99 2251 278 2325; x_wconf 88' lang='lat' dir='ltr'><strong>nominauit,</strong></span> <span class='ocrx_word' id='word_1_180' title='bbox 298 2268 378 2310; x_wconf 90' lang='lat' dir='ltr'><strong>aram</strong></span> <span class='ocrx_word' id='word_1_181' title='bbox 397 2250 505 2311; x_wconf 89' lang='lat' dir='ltr'><strong>deinde</strong></span> <span class='ocrx_word' id='word_1_182' title='bbox 528 2271 595 2313; x_wconf 91' lang='lat' dir='ltr'><strong>oum</strong></span> <span class='ocrx_word' id='word_1_183' title='bbox 619 2255 712 2314; x_wconf 88' lang='lat' dir='ltr'><strong>sacris</strong></span> <span class='ocrx_word' id='word_1_184' title='bbox 731 2261 881 2332; x_wconf 89' lang='lat' dir='ltr'><strong>tamquam</strong></span> <span class='ocrx_word' id='word_1_185' title='bbox 901 2251 955 2312; x_wconf 83' lang='lat' dir='ltr'><strong>deo</strong></span> <span class='ocrx_word' id='word_1_186' title='bbox 976 2249 1117 2327; x_wconf 86' lang='lat' dir='ltr'><strong>condidit,</strong></span> 
     </span>
    </p>
   </div>
   <div class='ocr_carea' id='block_1_3' title="bbox 99 2331 1116 2512">
    <p class='ocr_par' dir='ltr' id='par_1_3' title="bbox 99 2331 1116 2512">
     <span class='ocr_line' id='line_1_24' title="bbox 99 2331 1116 2420; baseline 0.001 -20"><span class='ocrx_word' id='word_1_187' title='bbox 99 2357 175 2418; x_wconf 85' lang='lat' dir='ltr'><strong>quac</strong></span> <span class='ocrx_word' id='word_1_188' title='bbox 200 2331 366 2400; x_wconf 79' lang='lat' dir='ltr'><strong>Saturnalia</strong></span> <span class='ocrx_word' id='word_1_189' title='bbox 390 2341 563 2401; x_wconf 88' lang='lat' dir='ltr'><strong>nominauit.</strong></span> <span class='ocrx_word' id='word_1_190' title='bbox 587 2336 653 2420; x_wconf 80' lang='lat' dir='ltr'><strong>(Ex</strong></span> <span class='ocrx_word' id='word_1_191' title='bbox 670 2342 772 2404; x_wconf 84' lang='lat' dir='ltr'><strong>Macr.</strong></span> <span class='ocrx_word' id='word_1_192' title='bbox 800 2344 946 2420; x_wconf 74' lang='lat' dir='ltr'><strong>Cynthius</strong></span> <span class='ocrx_word' id='word_1_193' title='bbox 970 2344 1001 2402; x_wconf 83' lang='lat' dir='ltr'><strong>a&#39;n</strong></span> <span class='ocrx_word' id='word_1_194' title='bbox 1028 2340 1116 2415; x_wconf 67' lang='lat' dir='ltr'><strong>Vera.</strong></span> 
     </span>
     <span class='ocr_line' id='line_1_25' title="bbox 99 2424 924 2512; baseline 0.004 -24"><span class='ocrx_word' id='word_1_195' title='bbox 99 2430 173 2489; x_wconf 76' lang='lat' dir='ltr'><strong>Aea.</strong></span> <span class='ocrx_word' id='word_1_196' title='bbox 194 2430 214 2489; x_wconf 94' lang='lat' dir='ltr'><em>I</em></span> <span class='ocrx_word' id='word_1_197' title='bbox 232 2428 299 2488; x_wconf 72' lang='lat'><strong>294</strong></span> <span class='ocrx_word' id='word_1_198' title='bbox 323 2447 371 2506; x_wconf 81' lang='lat' dir='ltr'><strong>ap.</strong></span> <span class='ocrx_word' id='word_1_199' title='bbox 392 2429 467 2490; x_wconf 79' lang='lat' dir='ltr'><strong>Mol.</strong></span> <span class='ocrx_word' id='word_1_200' title='bbox 491 2433 579 2491; x_wconf 82' lang='lat' dir='ltr'><strong>class.</strong></span> <span class='ocrx_word' id='word_1_201' title='bbox 600 2436 680 2491; x_wconf 80' lang='lat' dir='ltr'><strong>artct.</strong></span> <span class='ocrx_word' id='word_1_202' title='bbox 707 2431 771 2492; x_wconf 85' lang='lat' dir='ltr'><strong>VII</strong></span> <span class='ocrx_word' id='word_1_203' title='bbox 782 2450 812 2508; x_wconf 86' lang='lat' dir='ltr'><strong>p.</strong></span> <span class='ocrx_word' id='word_1_204' title='bbox 832 2424 924 2512; x_wconf 79' lang='grc'>344.)</span> 
     </span>
    </p>
   </div>
   <div class='ocr_carea' id='block_1_4' title="bbox 100 2521 1157 2696">
    <p class='ocr_par' dir='ltr' id='par_1_4' title="bbox 100 2521 1157 2696">
     <span class='ocr_line' id='line_1_26' title="bbox 191 2521 1157 2606; baseline 0.001 -21"><span class='ocrx_word' id='word_1_205' title='bbox 191 2521 246 2588; x_wconf 77' lang='grc'><strong>7*.</strong></span> <span class='ocrx_word' id='word_1_206' title='bbox 262 2527 351 2588; x_wconf 85' lang='lat' dir='ltr'><strong>Sera.</strong></span> <span class='ocrx_word' id='word_1_207' title='bbox 366 2530 397 2587; x_wconf 80' lang='lat' dir='ltr'><strong>in</strong></span> <span class='ocrx_word' id='word_1_208' title='bbox 412 2528 486 2588; x_wconf 79' lang='lat' dir='ltr'><strong>Aen.</strong></span> <span class='ocrx_word' id='word_1_209' title='bbox 504 2527 586 2587; x_wconf 88' lang='lat' dir='ltr'><em>VIII</em></span> <span class='ocrx_word' id='word_1_210' title='bbox 598 2527 668 2586; x_wconf 80' lang='lat'><strong>600</strong></span> <span class='ocrx_word' id='word_1_211' title='bbox 682 2526 720 2587; x_wconf 93' lang='lat' dir='ltr'><strong>Hi</strong></span> <span class='ocrx_word' id='word_1_212' title='bbox 735 2526 887 2605; x_wconf 67' lang='lat' dir='ltr'><strong>[Pelasgi]</strong></span> <span class='ocrx_word' id='word_1_213' title='bbox 902 2528 991 2606; x_wconf 92' lang='lat' dir='ltr'><strong>primi</strong></span> <span class='ocrx_word' id='word_1_214' title='bbox 1003 2525 1116 2587; x_wconf 87' lang='lat' dir='ltr'><strong>ltaliam</strong></span> <span class='ocrx_word' id='word_1_215' title='bbox 1130 2539 1157 2580; x_wconf 74' lang='lat' dir='ltr'><strong>xo</strong></span> 
     </span>
     <span class='ocr_line' id='line_1_27' title="bbox 100 2614 1117 2696; baseline 0.003 -23"><span class='ocrx_word' id='word_1_216' title='bbox 100 2616 233 2674; x_wconf 88' lang='lat' dir='ltr'><strong>tenuisse</strong></span> <span class='ocrx_word' id='word_1_217' title='bbox 256 2614 461 2695; x_wconf 87' lang='lat' dir='ltr'><strong>perhibentur.</strong></span> <span class='ocrx_word' id='word_1_218' title='bbox 490 2647 527 2658; x_wconf 90' lang='lat'><em>-</em></span> <span class='ocrx_word' id='word_1_219' title='bbox 553 2614 687 2695; x_wconf 80' lang='lat' dir='ltr'><strong>Hyginus</strong></span> <span class='ocrx_word' id='word_1_220' title='bbox 711 2616 783 2677; x_wconf 90' lang='lat' dir='ltr'><strong>dicit</strong></span> <span class='ocrx_word' id='word_1_221' title='bbox 805 2616 944 2696; x_wconf 89' lang='lat' dir='ltr'><strong>Pelasgos</strong></span> <span class='ocrx_word' id='word_1_222' title='bbox 975 2633 1041 2676; x_wconf 87' lang='lat' dir='ltr'><strong>esse</strong></span> <span class='ocrx_word' id='word_1_223' title='bbox 1066 2617 1117 2694; x_wconf 91' lang='lat' dir='ltr'><strong>qui</strong></span> 
     </span>
    </p>
   </div>
   <div class='ocr_carea' id='block_1_5' title="bbox 99 2698 1116 2876">
    <p class='ocr_par' dir='ltr' id='par_1_5' title="bbox 99 2698 1116 2876">
     <span class='ocr_line' id='line_1_28' title="bbox 99 2698 1116 2876; baseline 0.004 -115"><span class='ocrx_word' id='word_1_224' title='bbox 99 2700 354 2876; x_wconf 50' lang='lat' dir='ltr'><strong>thlcn2i5spnt,</strong></span> <span class='ocrx_word' id='word_1_225' title='bbox 384 2704 441 2765; x_wconf 92' lang='lat' dir='ltr'><strong>hoc</strong></span> <span class='ocrx_word' id='word_1_226' title='bbox 465 2705 554 2764; x_wconf 87' lang='lat' dir='ltr'><strong>etiam</strong></span> <span class='ocrx_word' id='word_1_227' title='bbox 578 2704 669 2766; x_wconf 91' lang='lat' dir='ltr'><strong>Varro</strong></span> <span class='ocrx_word' id='word_1_228' title='bbox 694 2716 913 2767; x_wconf 88' lang='lat' dir='ltr'><strong>commemorat.</strong></span> <span class='ocrx_word' id='word_1_229' title='bbox 948 2698 1003 2789; x_wconf 79' lang='lat' dir='ltr'><strong>(cf.</strong></span> <span class='ocrx_word' id='word_1_230' title='bbox 1028 2706 1116 2766; x_wconf 83' lang='lat' dir='ltr'><strong>Dion.</strong></span> 
     </span>
     <span class='ocr_line' id='line_1_29' title="bbox 130 2809 278 2856; baseline 0.027 -4"><span class='ocrx_word' id='word_1_231' title='bbox 130 2809 168 2853; x_wconf 85' lang='lat' dir='ltr'><strong>a.</strong></span> <span class='ocrx_word' id='word_1_232' title='bbox 270 2841 278 2856; x_wconf 90' lang='lat'><strong>.</strong></span> 
     </span>
    </p>
   </div>
   <div class='ocr_carea' id='block_1_6' title="bbox 98 2883 1157 3503">
    <p class='ocr_par' dir='ltr' id='par_1_6' title="bbox 98 2883 1157 3503">
     <span class='ocr_line' id='line_1_30' title="bbox 190 2883 1116 2971; baseline 0 -21"><span class='ocrx_word' id='word_1_233' title='bbox 190 2883 223 2952; x_wconf 89' lang='lat'><strong>8.</strong></span> <span class='ocrx_word' id='word_1_234' title='bbox 239 2891 378 2952; x_wconf 72' lang='lat' dir='ltr'><strong>Macron.</strong></span> <span class='ocrx_word' id='word_1_235' title='bbox 392 2898 449 2952; x_wconf 83' lang='lat' dir='ltr'><strong>sot.</strong></span> <span class='ocrx_word' id='word_1_236' title='bbox 471 2891 556 2966; x_wconf 75' lang='lat' dir='ltr'><strong>Vra,</strong></span> <span class='ocrx_word' id='word_1_237' title='bbox 570 2893 611 2951; x_wconf 85' lang='lat'><strong>15</strong></span> <span class='ocrx_word' id='word_1_238' title='bbox 630 2890 689 2962; x_wconf 85' lang='lat' dir='ltr'><strong>Qut</strong></span> <span class='ocrx_word' id='word_1_239' title='bbox 705 2890 889 2969; x_wconf 70' lang='lat' dir='ltr'><strong>[Vergilius]</strong></span> <span class='ocrx_word' id='word_1_240' title='bbox 905 2910 973 2953; x_wconf 91' lang='lat' dir='ltr'><strong>cnm</strong></span> <span class='ocrx_word' id='word_1_241' title='bbox 986 2890 1116 2971; x_wconf 82' lang='lat' dir='ltr'><strong>legisset,</strong></span> 
     </span>
     <span class='ocr_line' id='line_1_31' title="bbox 99 2976 1157 3061; baseline -0.004 -24"><span class='ocrx_word' id='word_1_242' title='bbox 99 2976 260 3060; x_wconf 89' lang='lat' dir='ltr'><strong>Hernicos,</strong></span> <span class='ocrx_word' id='word_1_243' title='bbox 279 2998 406 3058; x_wconf 89' lang='lat' dir='ltr'><strong>quorum</strong></span> <span class='ocrx_word' id='word_1_244' title='bbox 430 2986 475 3040; x_wconf 90' lang='lat' dir='ltr'><strong>est</strong></span> <span class='ocrx_word' id='word_1_245' title='bbox 493 2980 638 3061; x_wconf 79' lang='lat' dir='ltr'><strong>Anagnia,</strong></span> <span class='ocrx_word' id='word_1_246' title='bbox 663 2999 679 3040; x_wconf 92' lang='lat' dir='ltr'><strong>a</strong></span> <span class='ocrx_word' id='word_1_247' title='bbox 697 2979 829 3059; x_wconf 89' lang='lat' dir='ltr'><strong>Pelasgis</strong></span> <span class='ocrx_word' id='word_1_248' title='bbox 853 2980 995 3042; x_wconf 93' lang='lat' dir='ltr'><strong>oriundos</strong></span> <span class='ocrx_word' id='word_1_249' title='bbox 1019 2978 1116 3059; x_wconf 87' lang='lat' dir='ltr'><strong>appel·</strong></span> <span class='ocrx_word' id='word_1_250' title='bbox 1130 2994 1157 3034; x_wconf 84' lang='lat' dir='ltr'><strong>eo</strong></span> 
     </span>
     <span class='ocr_line' id='line_1_32' title="bbox 99 3065 1117 3150; baseline 0.004 -24"><span class='ocrx_word' id='word_1_251' title='bbox 99 3065 235 3146; x_wconf 88' lang='lat' dir='ltr'><strong>latosque</strong></span> <span class='ocrx_word' id='word_1_252' title='bbox 263 3069 304 3128; x_wconf 88' lang='lat' dir='ltr'><strong>ita</strong></span> <span class='ocrx_word' id='word_1_253' title='bbox 332 3087 349 3129; x_wconf 92' lang='lat' dir='ltr'><strong>a</strong></span> <span class='ocrx_word' id='word_1_254' title='bbox 380 3067 506 3148; x_wconf 90' lang='lat' dir='ltr'><strong>quodam</strong></span> <span class='ocrx_word' id='word_1_255' title='bbox 535 3068 658 3148; x_wconf 91' lang='lat' dir='ltr'><strong>Pelasgo</strong></span> <span class='ocrx_word' id='word_1_256' title='bbox 687 3070 762 3131; x_wconf 90' lang='lat' dir='ltr'><strong>duce</strong></span> <span class='ocrx_word' id='word_1_257' title='bbox 797 3086 865 3150; x_wconf 90' lang='lat' dir='ltr'><strong>suo,</strong></span> <span class='ocrx_word' id='word_1_258' title='bbox 894 3070 945 3147; x_wconf 88' lang='lat' dir='ltr'><strong>qni</strong></span> <span class='ocrx_word' id='word_1_259' title='bbox 968 3067 1117 3130; x_wconf 87' lang='lat' dir='ltr'><strong>Hernicus</strong></span> 
     </span>
     <span class='ocr_line' id='line_1_33' title="bbox 98 3155 1116 3239; baseline 0.003 -24"><span class='ocrx_word' id='word_1_260' title='bbox 98 3155 317 3237; x_wconf 91' lang='lat' dir='ltr'><strong>nominabatur,</strong></span> <span class='ocrx_word' id='word_1_261' title='bbox 336 3176 449 3218; x_wconf 87' lang='lat' dir='ltr'><strong>morem</strong></span> <span class='ocrx_word' id='word_1_262' title='bbox 470 3176 559 3237; x_wconf 91' lang='lat' dir='ltr'><strong>quem</strong></span> <span class='ocrx_word' id='word_1_263' title='bbox 577 3158 613 3219; x_wconf 92' lang='lat' dir='ltr'><strong>de</strong></span> <span class='ocrx_word' id='word_1_264' title='bbox 633 3157 745 3220; x_wconf 77' lang='lat' dir='ltr'><strong>Aetolia</strong></span> <span class='ocrx_word' id='word_1_265' title='bbox 769 3157 890 3239; x_wconf 88' lang='lat' dir='ltr'><strong>legerat,</strong></span> <span class='ocrx_word' id='word_1_266' title='bbox 909 3155 1047 3218; x_wconf 91' lang='lat' dir='ltr'><strong>Hernicis</strong></span> <span class='ocrx_word' id='word_1_267' title='bbox 1066 3157 1116 3218; x_wconf 91' lang='lat' dir='ltr'><strong>ad-</strong></span> 
     </span>
     <span class='ocr_line' id='line_1_34' title="bbox 99 3244 1116 3326; baseline 0.003 -23"><span class='ocrx_word' id='word_1_268' title='bbox 99 3246 238 3326; x_wconf 87' lang='lat' dir='ltr'><strong>signauit,</strong></span> <span class='ocrx_word' id='word_1_269' title='bbox 262 3247 314 3324; x_wconf 89' lang='lat' dir='ltr'><strong>qui</strong></span> <span class='ocrx_word' id='word_1_270' title='bbox 338 3255 407 3307; x_wconf 91' lang='lat' dir='ltr'><strong>sunt</strong></span> <span class='ocrx_word' id='word_1_271' title='bbox 431 3256 518 3308; x_wconf 89' lang='lat' dir='ltr'><strong>uetus</strong></span> <span class='ocrx_word' id='word_1_272' title='bbox 538 3246 653 3308; x_wconf 90' lang='lat' dir='ltr'><strong>colonia</strong></span> <span class='ocrx_word' id='word_1_273' title='bbox 672 3247 874 3326; x_wconf 89' lang='lat' dir='ltr'><strong>Pelasgorum.</strong></span> <span class='ocrx_word' id='word_1_274' title='bbox 897 3244 935 3306; x_wconf 86' lang='lat' dir='ltr'><strong>Et</strong></span> <span class='ocrx_word' id='word_1_275' title='bbox 953 3245 1116 3306; x_wconf 88' lang='lat' dir='ltr'><strong>Hernicum</strong></span> 
     </span>
     <span class='ocr_line' id='line_1_35' title="bbox 99 3331 1117 3415; baseline 0.002 -23"><span class='ocrx_word' id='word_1_276' title='bbox 99 3331 221 3413; x_wconf 88' lang='lat' dir='ltr'><strong>quidem</strong></span> <span class='ocrx_word' id='word_1_277' title='bbox 248 3333 398 3396; x_wconf 89' lang='lat' dir='ltr'><strong>hominem</strong></span> <span class='ocrx_word' id='word_1_278' title='bbox 420 3333 577 3415; x_wconf 88' lang='lat' dir='ltr'><strong>Pelasgum</strong></span> <span class='ocrx_word' id='word_1_279' title='bbox 607 3336 712 3398; x_wconf 93' lang='lat' dir='ltr'><strong>ducem</strong></span> <span class='ocrx_word' id='word_1_280' title='bbox 742 3335 880 3398; x_wconf 89' lang='lat' dir='ltr'><strong>Hernicis</strong></span> <span class='ocrx_word' id='word_1_281' title='bbox 908 3334 1000 3395; x_wconf 87' lang='lat' dir='ltr'><strong>luisse</strong></span> <span class='ocrx_word' id='word_1_282' title='bbox 1023 3333 1117 3395; x_wconf 91' lang='lat' dir='ltr'><strong>lulius</strong></span> 
     </span>
     <span class='ocr_line' id='line_1_36' title="bbox 98 3420 1157 3503; baseline 0.001 -24"><span class='ocrx_word' id='word_1_283' title='bbox 98 3420 234 3501; x_wconf 77' lang='lat' dir='ltr'><strong>HygInus</strong></span> <span class='ocrx_word' id='word_1_284' title='bbox 252 3423 284 3481; x_wconf 92' lang='lat' dir='ltr'><strong>in</strong></span> <span class='ocrx_word' id='word_1_285' title='bbox 302 3421 378 3483; x_wconf 92' lang='lat' dir='ltr'><strong>libro</strong></span> <span class='ocrx_word' id='word_1_286' title='bbox 398 3423 529 3485; x_wconf 89' lang='lat' dir='ltr'><strong>secundo</strong></span> <span class='ocrx_word' id='word_1_287' title='bbox 549 3424 669 3486; x_wconf 90' lang='lat' dir='ltr'><strong>urbium</strong></span> <span class='ocrx_word' id='word_1_288' title='bbox 684 3443 744 3486; x_wconf 95' lang='lat' dir='ltr'><strong>non</strong></span> <span class='ocrx_word' id='word_1_289' title='bbox 763 3425 866 3503; x_wconf 90' lang='lat' dir='ltr'><strong>paucis</strong></span> <span class='ocrx_word' id='word_1_290' title='bbox 885 3422 987 3484; x_wconf 89' lang='lat' dir='ltr'><strong>uerbis</strong></span> <span class='ocrx_word' id='word_1_291' title='bbox 1001 3423 1116 3502; x_wconf 90' lang='lat' dir='ltr'><strong>probat.</strong></span> <span class='ocrx_word' id='word_1_292' title='bbox 1130 3437 1157 3478; x_wconf 81' lang='lat' dir='ltr'><strong>eo</strong></span> 
     </span>
    </p>
   </div>
   <div class='ocr_carea' id='block_1_7' title="bbox 99 3513 1118 3693">
    <p class='ocr_par' dir='ltr' id='par_1_7' title="bbox 99 3513 1118 3693">
     <span class='ocr_line' id='line_1_37' title="bbox 190 3513 1117 3600; baseline 0.002 -21"><span class='ocrx_word' id='word_1_293' title='bbox 190 3513 225 3580; x_wconf 85' lang='grc'><strong>9.</strong></span> <span class='ocrx_word' id='word_1_294' title='bbox 249 3519 336 3580; x_wconf 86' lang='lat' dir='ltr'><strong>Seru.</strong></span> <span class='ocrx_word' id='word_1_295' title='bbox 353 3522 466 3581; x_wconf 65' lang='lat' dir='ltr'><strong>lorica.</strong></span> <span class='ocrx_word' id='word_1_296' title='bbox 488 3522 570 3583; x_wconf 90' lang='lat' dir='ltr'><em>VIII</em></span> <span class='ocrx_word' id='word_1_297' title='bbox 581 3523 646 3584; x_wconf 78' lang='lat'><strong>638</strong></span> <span class='ocrx_word' id='word_1_298' title='bbox 669 3524 728 3583; x_wconf 78' lang='lat' dir='ltr'><strong>Aut</strong></span> <span class='ocrx_word' id='word_1_299' title='bbox 742 3517 881 3584; x_wconf 74' lang='lat' dir='ltr'><strong>‘seueris&#39;</strong></span> <span class='ocrx_word' id='word_1_300' title='bbox 896 3519 1053 3600; x_wconf 89' lang='lat' dir='ltr'><strong>disciplina</strong></span> <span class='ocrx_word' id='word_1_301' title='bbox 1067 3528 1117 3582; x_wconf 90' lang='lat' dir='ltr'><strong>aut</strong></span> 
     </span>
     <span class='ocr_line' id='line_1_38' title="bbox 99 3608 1118 3693; baseline -0.002 -22"><span class='ocrx_word' id='word_1_302' title='bbox 99 3625 165 3671; x_wconf 91' lang='lat' dir='ltr'><strong>rem</strong></span> <span class='ocrx_word' id='word_1_303' title='bbox 189 3608 246 3669; x_wconf 92' lang='lat' dir='ltr'><strong>hoc</strong></span> <span class='ocrx_word' id='word_1_304' title='bbox 271 3608 363 3668; x_wconf 86' lang='lat' dir='ltr'><strong>uerbo</strong></span> <span class='ocrx_word' id='word_1_305' title='bbox 386 3609 569 3671; x_wconf 88' lang='lat' dir='ltr'><strong>reconditam</strong></span> <span class='ocrx_word' id='word_1_306' title='bbox 600 3611 675 3672; x_wconf 86' lang='lat' dir='ltr'><strong>dixit</strong></span> <span class='ocrx_word' id='word_1_307' title='bbox 699 3610 898 3693; x_wconf 54' lang='lat' dir='ltr'><strong>[Vergiliusl</strong></span> <span class='ocrx_word' id='word_1_308' title='bbox 922 3613 991 3690; x_wconf 92' lang='lat' dir='ltr'><strong>quia</strong></span> <span class='ocrx_word' id='word_1_309' title='bbox 1016 3609 1118 3672; x_wconf 88' lang='lat' dir='ltr'><strong>Sabini</strong></span> 
     </span>
    </p>
   </div>
   <div class='ocr_carea' id='block_1_8' title="bbox 0 0 1314 4054">
    <p class='ocr_par' dir='ltr' id='par_1_8' title="bbox 0 0 1314 4054">
     <span class='ocr_line' id='line_1_39' title="bbox 0 0 1314 4054; baseline 0 0"><span class='ocrx_word' id='word_1_310' title='bbox 0 0 1314 4054; x_wconf 95' lang='lat' dir='ltr'><strong> </strong></span> 
     </span>
    </p>
   </div>
  </div>
 </body>
</html>
