2670 4058
199 223 264 288 114
447 223 479 280 ο.
499 209 673 280 conum
692 222 778 280 εοιε.
796 220 972 279 Amnem

199 367 324 452 νόμενος
346 366 382 434 τά
404 370 471 454 περὶ
493 367 563 448 τοὺς
586 370 753 452 ἐναντίους,
775 367 897 452 ηὑρισκε
923 366 975 447 τὰς
998 369 1052 452 μέν
1075 368 1216 454 δυνάμεις

196 475 257 532 τοῖν
278 470 498 550 Καρχηδονίων
526 470 567 546 είς
595 471 660 552 τρία
683 467 756 551 μέρη
780 466 975 553 διηρημένας,
1009 459 1053 532 ὦν
1074 465 1216 551 Μάγωνα

197 565 252 648 μὲν
275 563 460 631 ἐπυνθάνετο
480 569 641 650 διατρίβειν
664 563 746 643 ἐντὸς
761 561 942 647 Ἡρακλείων
965 570 1078 646 στηλῶν
1100 566 1134 630 ἐν
1155 573 1216 643 τοῖς

196 666 321 740 Κονίοις
333 664 648 749 προσαγορευομένοις,
659 660 846 747 Ἀσδρούβαν
864 661 897 726 δέ
915 658 967 728 τὸν
980 662 1135 738 Γέσκωνος
1148 663 1215 745 περί

198 754 299 844 Τάγον
322 767 456 843 ποταμοῦ
479 759 570 843 στόμα
596 758 669 826 κατῖι
697 757 752 843 τῆν
775 757 964 842 Λυσιτανῆν,
987 757 1039 826 τὸν
1062 757 1091 824 δ’
1117 760 1243 844 έτερονε
1319 771 1320 820 3

192 852 381 942 Ἀσδρούβαν
409 866 577 943 πολιορκεῖν
608 884 674 925 τινα
709 856 798 924 πόλιν
834 858 867 923 έν
902 865 963 935 τοῖς
995 864 1213 942 Καρπητανοῖς,

196 952 306 1022 ούδένα
334 955 368 1019 δέ
395 959 454 1020 τιῖν
481 957 703 1040 προειρημένων
730 953 837 1022 ἐλάττω
862 953 922 1040 δέχ’
947 952 1067 1041 ῆμερῶν
1094 953 1214 1038 άπέχειν

196 1059 248 1135 τῆς
261 1058 378 1137 Καινῆς
391 1049 514 1131 πόλεως.
536 1057 665 1136 νομίζων
679 1048 745 1137 οὑν,
760 1052 814 1120 ἐάν
832 1054 886 1137 μέν
904 1057 946 1132 είς
964 1051 1062 1138 μάχην
1081 1053 1214 1118 συνιέναι

195 1155 282 1237 κρίνη
305 1159 367 1228 τοῖς
393 1153 557 1233 πολεμίοις,
579 1148 611 1217 τό
635 1152 690 1234 μέν
711 1149 786 1236 πρὸς
808 1149 921 1229 πάντας
943 1150 1004 1235 άμα
1027 1147 1214 1215 κινδυνεύειν

196 1248 378 1332 <έπισφαλὲς
397 1245 495 1332 εῖναι)
517 1249 620 1326 τελέως
642 1251 692 1314 καλ
712 1248 763 1315 διά
780 1247 813 1316 τό
836 1256 1040 1333 προηττῆσθαι
1062 1246 1133 1326 τοὺς
1155 1246 1213 1333 πρὸ
1229 1277 1257 1318 ιο

196 1344 289 1411 αὑτοῦ
315 1348 366 1411 καλ
395 1343 446 1411 διά
472 1343 504 1412 τό
536 1351 776 1425 πολλαπλασίους
807 1342 883 1412 εῖναι
909 1343 980 1423 τοὺς
1006 1342 1215 1428 ὑπεναντίους,

195 1442 249 1510 ἐὰν
271 1444 305 1509 δέ
326 1441 402 1528 πρὸς
425 1445 478 1509 ἕνα
500 1449 662 1529 συμβαλεῖν
680 1444 834 1527 σπεύδων,
853 1444 976 1510 κάπειτα
992 1441 1100 1510 τούτου
1118 1468 1214 1528 φνγο-
1320 1480 1323 1550 χ

195 1541 397 1640 μαχῆσαντος,
409 1543 626 1628 ἐπιγενομένων
645 1545 678 1610 δὲ
697 1551 757 1611 τῶν
779 1542 877 1609 άλλων
895 1540 1065 1624 δυνάμεων,
1084 1549 1214 1628 συγκλει-
1321 1577 1323 1640 χ

197 1647 258 1727 σθῆ
276 1666 346 1723 που,
364 1638 536 1725 κατάφοβος
552 1636 602 1726 ῆν,
621 1641 661 1727 μῆ
680 1652 744 1721 ταῖς
766 1639 868 1719 αὑταῖς
886 1644 986 1727 Γναίῳ
1010 1647 1050 1730 τῷ
1068 1644 1142 1727 θείην
1164 1641 1215 1706 καλ

186 1741 319 1827 ’Ποπλίῳ
346 1745 390 1829 τῷ
412 1741 498 1826 πατρλ
525 1741 668 1828 περιπέσῃ
694 1746 872 1824 συμφοραῖς.
910 1735 958 1803 διὸ
984 1742 1071 1804 τούτο
1100 1738 1154 1822 μέν
1179 1737 1213 1806 τὸ
1227 1765 1256 1806 ιτ
1323 1752 1324 1784 λ

196 1838 283 1922 μέρος
320 1832 533 1922 άπεδοκίμασε,
567 1837 801 1923 πυνθανόμενος
837 1836 870 1902 δέ
905 1833 960 1920 τῆν
995 1837 1213 1920 προειρημένην

195 1935 378 2020 Καρχηδόνα
396 1941 530 2023 μεγίστας
549 1938 603 2021 μέν
620 1942 719 2023 χρείας
738 1937 919 2020 παρέχεσθαι
937 1942 997 2012 τοῖς
1015 1930 1213 2016 ὑπεναντίοις,

194 2035 312 2118 μέγιστα
336 2035 369 2100 δὲ
392 2032 531 2119 βλάπτειν
553 2036 604 2101 καλ
626 2032 701 2101 κατά
719 2032 772 2101 τὸν
790 2036 931 2101 ἐνεστῶτα
949 2031 1080 2117 πόλεμον
1093 2029 1212 2113 αὑτοὺς,
1324 2033 1325 2056 ἦ

194 2129 326 2215 έξητάκει
338 2127 374 2197 τά
384 2127 457 2198 κατὰ
468 2134 556 2218 μέρος
569 2129 644 2218 ὑπὲρ
659 2127 755 2217 αύτῆς
769 2135 803 2200 ἕν
815 2140 851 2224 τῆ
860 2134 1078 2219 παραχειμασίᾳ
1087 2127 1211 2216 <παρδι>

194 2237 253 2295 τοῖν
273 2229 403 2297 εἰδότων.
430 2224 553 2298 άκούων
572 2232 605 2297 δὲ
627 2239 745 2316 πρῶτον
763 2232 827 2315 μέν,
846 2229 890 2298 ὅτι
908 2230 1026 2314 λιμένας
1044 2231 1102 2314 ίχει
1120 2225 1210 2315 ατόλμ
1225 2256 1254 2296 ιο

194 2329 245 2393 καλ
266 2338 419 2408 ναυτικαῖς
442 2327 586 2414 δυνάμεσι
608 2329 685 2415 μόνη
709 2328 816 2415 σχεδὸν
831 2337 892 2398 τοῖν
909 2327 983 2395 κατά
1001 2327 1056 2413 τῆν
1070 2326 1212 2412 Ἰβηρίαν,

193 2424 255 2511 άμα
288 2426 321 2491 δὲ
351 2429 402 2492 καλ
434 2425 509 2492 διότι
540 2425 615 2510 πρὸς
642 2424 697 2494 τὸν
723 2426 783 2497 νἰπδ
810 2435 863 2514 τῆς
891 2426 1013 2512 Λιβύης
1039 2431 1135 2493 πλοῦν
1161 2427 1211 2490 καλ

194 2522 334 2609 πελάγιον
353 2528 462 2609 δίαρμα
479 2529 547 2592 λίαν
565 2523 687 2608 εύφυοῖς
704 2536 796 2594 κεῖται
814 2535 876 2605 τοῖς
895 2529 1121 2611 Καρχηδονίοις,
1141 2519 1211 2607 μετά

193 2621 228 2686 δὲ
258 2629 349 2688 ταῦτα
382 2621 457 2688 διότι
488 2625 539 2687 καῖ
570 2621 603 2690 τό
639 2631 699 2692 τῶν
730 2623 888 2710 χρημάτων
920 2629 1043 2707 πλῆθος
1078 2623 1128 2687 καλ
1159 2617 1211 2698 τδις

193 2717 363 2798 άποσκενδις
394 2727 454 2787 τῶν
485 2723 690 2806 στρατοπέδων
722 2719 839 2800 άπάσας
869 2723 903 2787 ἐν
933 2718 1026 2806 ταύτῃ
1057 2725 1093 2809 τῆ
1125 2716 1208 2784 πόλει
1223 2744 1250 2786 ετ

193 2819 350 2903 συνέβαινε
372 2828 434 2896 τοῖς
452 2825 671 2905 Καρχηδονίοις
693 2818 852 2906 ὑπάρχειν,
874 2820 915 2882 έτι
933 2817 967 2882 δὲ
984 2815 1054 2894 τοὺς
1077 2813 1209 2899 ὁμήρους

192 2914 263 2995 τοὺς
286 2918 317 2994 έξ
339 2914 411 2998 ὅλης
432 2924 484 3001 τῆς
504 2916 643 3004 Ἰβηρίας,
665 2918 698 2987 τδ
721 2921 755 2985 δὲ
777 2920 920 3003 μέγιστον,
943 2913 988 2982 ὅτι
1010 2914 1131 3001 μάχιμοι
1154 2914 1208 2998 μέν

193 3011 302 3097 άνδρες
324 3017 429 3097 εἴησαν
451 3019 492 3095 είς
518 3022 631 3101 χιλίους
658 3022 690 3084 οί
713 3015 767 3099 τῆν
794 3014 889 3098 άκραν
915 3020 1070 3098 τηροῦντες
1098 3010 1149 3078 διὰ
1174 3008 1207 3077 τὸ

193 3110 306 3192 μηδένα
336 3111 476 3195 μηδέποτ’
511 3111 550 3180 άν
581 3111 807 3198 ὑπολαμβάνειν
835 3104 881 3177 ότι
911 3109 1101 3194 κρατούντων
1126 3116 1206 3193 Καρ-

192 3209 343 3291 χηδονίων
365 3210 471 3295 σχεδὸν
493 3209 611 3297 άπάσης
625 3211 755 3297 Ἰβηρίας
777 3206 927 3292 ἐπινοῆσει
948 3237 992 3288 τις
1013 3208 1046 3276 τὸ
1064 3208 1208 3296 παράπαν
1222 3236 1250 3278 ιο

193 3314 386 3391 πολιορκῆσαι
407 3306 518 3396 ταύτην
535 3309 590 3395 τῆν
607 3308 706 3390 πόλιν,
728 3307 762 3374 τὸ
785 3305 814 3373 δ’
834 3306 906 3374 άλλο
929 3316 1047 3394 πλῆθος
1070 3307 1113 3375 ὅτι
1132 3306 1208 3375 πολὺ

193 3404 247 3489 μέν
277 3409 323 3490 είη
353 3407 555 3496 διαφερόντως
586 3410 620 3474 έν
651 3404 740 3493 αύτῆ,
767 3411 830 3470 πάν
857 3405 890 3472 δὲ
918 3404 1132 3493 δημιουργικὸν
1158 3409 1209 3472 καί

192 3503 346 3589 βάναυσον
363 3509 415 3573 καλ
437 3504 658 3593 θαλαττουργδν
680 3507 730 3572 καλ
753 3513 889 3572 πλεῖστον
910 3503 1023 3593 άπέχον
1050 3513 1208 3590 πολεμικῆς

192 3605 357 3692 ἐμπειρίας,
386 3603 404 3672 ὑ
432 3605 507 3672 κατὰ
532 3613 584 3690 τῆς
616 3604 730 3684 πόλεως
758 3602 967 3690 ὑπελάμβανεν
995 3603 1085 3688 εῖναι,
1112 3630 1207 3687 παρα-
