2670 4058
197 222 261 288 128
512 221 543 277 L.
562 217 736 276 CORNELII
755 217 895 274 SVLLAE

197 391 251 435 uos
279 388 459 453 pugnemus:
486 386 585 448 neque
612 375 716 429 nostro
744 385 841 449 neque
869 369 1016 429 maiorum
1039 374 1210 428 nostrorum
1323 393 1324 400 ι

197 463 303 524 merito
327 459 413 522 nobis
436 459 467 520 id
490 459 651 537 continget.

534 575 588 631 EX
611 574 752 631 LIBRIS
772 573 875 629 III—X
1323 607 1324 652 ρ

289 667 348 736 4*.
372 675 452 735 Ρλιιί.
467 672 578 733 Sum
606 664 695 733 Ἠνία
718 668 771 751 μὲν
789 660 845 733 οὖν
867 673 957 733 ταῦτα
976 669 1213 748 [Ιαμκνίίιιικια
1323 653 1324 680 ³

198 773 320 834 Boccho
334 772 439 833 Sullae
453 772 601 832 traditum
615 767 692 846 esse]
712 763 764 831 τὸν
778 763 911 849 Μάριον.
944 766 984 830 ἔτι
999 764 1032 829 δὲ
1049 761 1215 849 ἡγούμενος
1322 765 1324 838 ι

199 864 337 932 ἐλάττονα
359 872 411 934 τοῦ
435 872 621 947 φθονεῖσθαι
638 861 690 928 τόν
708 861 829 928 Σύλλαν
847 865 949 947 ἐχρῆτο
967 861 1043 947 πρὸς
1061 861 1113 940 τάς
1132 881 1240 945 στρατ

75 997 79 1004 ·
199 967 290 1045 τείας,
312 961 345 1030 τὸ
370 963 424 1046 μέν
447 960 585 1045 δεύτερον
610 957 766 1027 ὑπατεύων
793 967 972 1050 πρεσβευτῇ,
999 967 1039 1051 τῷ
1062 960 1096 1025 δέ
1118 963 1215 1043 τρίτου

199 1059 353 1148 χιλιάρχῳ,
375 1061 425 1125 καλ
447 1057 541 1125 πολλά
565 1056 605 1123 δι’
631 1059 746 1123 ἐκείνου
769 1065 829 1125 τῶν
847 1062 998 1142 χρησίμων
1015 1064 1215 1141 κατωρθοῦτο.

198 1157 372 1242 πρεσβεύων
394 1181 423 1221 τε
451 1154 507 1241 γάρ
535 1152 668 1242 ἡγεμόνα
693 1155 884 1242 Τεκτοσάγων
911 1152 1063 1221 Κόπιλλον
1086 1151 1143 1220 είλε
1165 1156 1215 1218 καὶ

199 1261 356 1339 χιλιαρχῶν
384 1255 460 1340 μέγα
486 1255 537 1319 καλ
563 1251 806 1338 πολυάνθρωπον
833 1257 924 1331 έθνος
947 1250 1096 1336 Μαρσοὺς
1119 1254 1214 1317 ἔπεισε

200 1357 307 1435 φίλους
334 1352 475 1437 γενέσθαι
501 1353 551 1416 καὶ
578 1351 749 1436 συμμάχους
772 1349 933 1434 Ῥωμαίων.
970 1348 1024 1414 Ἐκ
1047 1350 1080 1415 δέ
1102 1348 1215 1415 τούτων
1230 1378 1257 1418 ιο

200 1448 251 1515 τὸν
274 1448 399 1533 Μάριον
423 1447 602 1532 αἰσθόμενος
625 1447 795 1534 άχθόμενον
820 1447 900 1537 αύτῷ
923 1449 973 1512 καί
994 1448 1095 1531 μηκέτι
1118 1449 1217 1531 προϊέ-

201 1573 291 1632 μενον
309 1544 407 1631 ἡδέως
424 1545 560 1629 πράξεων
579 1545 718 1632 άφορμδις
736 1545 808 1613 άλλδι
823 1543 1013 1629 ἐνιστάμενον
1030 1552 1066 1635 τῇ
1085 1543 1216 1629 αύξησει,
1320 1565 1324 1582 ⁴

192 1643 321 1730 ,Κάτλω,
349 1651 388 1734 αρ’
417 1643 595 1730 συνάρχοντι
621 1653 674 1712 τοῦ
702 1649 843 1729 Μαρίου,
875 1642 1116 1729 προσένειμεν
1099 1645 1218 1726 εαυτον,

200 1740 288 1826 άνδρί
311 1749 424 1832 χρηστῷ
447 1744 515 1826 μέν,
539 1741 668 1829 άμβλυτέ
668 1771 710 1831 ρω
740 1743 772 1809 δέ
794 1738 868 1826 πρὸς
896 1768 965 1820 τους
988 1740 1114 1828 άγωνας.
1160 1739 1215 1825 σφ’

201 1833 237 1906 οὗ
255 1837 290 1905 τά
309 1847 412 1925 πρῶτα
429 1842 480 1906 καλ
498 1841 616 1927 μέγιστα
633 1839 841 1924 πιστευόμενος
860 1843 902 1917 είς
920 1839 1089 1924 δύναμιν”
1069 1868 1130 1924 αμα
1144 1837 1197 1918 δόξ
1182 1843 1217 1927 ξη
1232 1865 1259 1906 15

199 1936 304 2025 προῄει
327 1940 378 2004 καὶ
401 1939 518 2028 πολέμω
542 1940 596 2023 μέν
619 1943 700 2022 αἱρεῖ
717 1936 794 2004 πολύ
817 1938 905 2021 μέρος
926 1964 986 2005 των
1013 1940 1046 2003 έν
1073 1947 1136 2016 ταῖς
1150 1939 1217 2004 ’Ἁλ-

200 2057 268 2102 πεσι
295 2035 473 2121 βαρβάρων,
501 2036 693 2119 ἐπιλιπούσης
719 2036 753 2100 δέ
779 2041 832 2119 τῆς
858 2029 970 2121 άγοράς
999 2035 1218 2120 ἀναδεξάμενος
1323 2073 1324 2082 ¹

200 2132 255 2216 τὴν
292 2135 458 2217 ἐπιμέλειαν
493 2133 639 2216 τοσαύτην
675 2134 794 2217 ἐποίησε
830 2139 1018 2218 περιουσίαν,
1055 2134 1127 2202 ὥστε
1159 2141 1219 2200 τῶν
1323 2095 1324 2182 ί

200 2228 320 2297 Κάτλου
340 2240 524 2316 στρατιωτῶν
541 2233 574 2296 έν
592 2228 744 2313 άφθόνοις
763 2229 929 2318 διαγόντων
946 2261 996 2298 και
1014 2242 1074 2310 τοῖς
1091 2238 1218 2315 Μαρίου

200 2339 446 2414 προσπαρασχεῖν,
483 2326 531 2411 ἐφ’
563 2321 586 2417 ᾧ
615 2349 709 2412 φησιν
740 2327 829 2407 αύτδς
861 2334 987 2415 ἰσχυρῶς
1019 2328 1140 2396 άνιάσαι
1166 2329 1219 2396 τὸν
1232 2357 1260 2398 ευ
1318 2285 1324 2358 ί

142 2457 191 2506 101
202 2425 337 2512 Μάριον.

139 2529 195 2596 δῶ
293 2524 348 2593 5⁵¹².
373 2530 451 2591 Plut.
467 2528 548 2588 Mar.
563 2526 607 2587 25
633 2522 820 2608 Τηρήσαντες
839 2519 895 2592 οὖν
908 2524 960 2591 τὸν
974 2522 1137 2608 ὡρισμένον
1150 2520 1220 2610 χρό-

202 2650 259 2689 νον
271 2620 557 2704 δυτετταρετάσσοντο
569 2623 716 2702 [Romani
725 2630 769 2689 ad
778 2629 932 2691 Vercellas
941 2633 1051 2690 contra
1060 2625 1220 2704 Gimbros]‚

202 2720 319 2799 Κάτλος
347 2720 401 2803 μέν
431 2721 507 2803 έχων
539 2722 713 2804 δισμυρίους
747 2724 797 2786 καὶ
827 2724 1012 2806 τριακοσίους
1038 2718 1220 2804 στρατιώτας,

203 2823 235 2885 ολ
255 2819 288 2882 δέ
311 2820 437 2900 Μαρίου
460 2820 596 2902 δισχίλιοι
618 2817 673 2901 μὲν
696 2819 744 2883 έπλ
766 2823 945 2903 τρισμυρίοις
968 2818 1118 2903 ἐγένοντο,
1141 2822 1222 2902 περί·
1236 2843 1263 2885 ετ

159 2922 177 2954 '
203 2938 289 3000 εσχον
322 2915 355 2980 δέ
386 2913 438 2980 τὸν
470 2913 589 2982 Κάτλον
620 2918 653 2981 έν
685 2917 762 3002 μέσῳ
799 2917 977 3000 νεμηθέντες
1014 2918 1056 2994 είς
1087 2913 1223 3001 ἑκάτερον

202 3015 299 3098 κέρας,
324 3009 363 3090 ὥς
381 3010 509 3096 Σύλλας,
531 3010 733 3099 ἠγωνισμένος
752 3013 868 3098 έκείνην
885 3012 941 3097 τὴν
960 3011 1068 3097 μάχην,
1086 3015 1224 3100 γέγραφε.
1318 3055 1324 3092 ρ

203 3114 257 3176 καί
283 3130 359 3194 φησι
386 3109 439 3176 τὸν
464 3113 590 3196 Μάριον
617 3113 775 3176 ἐλπίσαντα
801 3119 862 3190 τοῖς
890 3103 993 3196 άκροις
1025 3110 1148 3196 μάλιστα
1175 3115 1224 3178 καί

205 3205 279 3273 κατὰ
302 3209 390 3293 κέρας
409 3219 569 3294 συμπεσεῖν
589 3207 643 3286 τάς
662 3207 827 3295 φάλαγγας,
846 3209 928 3288 ὅπως
946 3213 1022 3288 ἴδιος
1040 3207 1059 3294 ἡ
1078 3214 1146 3294 νίκη
1164 3217 1223 3276 τῶν

205 3307 320 3372 ἐκείνου
344 3314 525 3390 στρατιωτῶν
551 3308 665 3392 γένοιτο
689 3309 740 3372 καί
762 3305 802 3392 μὴ
830 3307 967 3392 μετάσχοι
988 3314 1042 3374 τοῦ
1068 3305 1185 3395 άγύνος
1208 3306 1266 3377 διο

205 3400 321 3480 Κάτλος
340 3405 415 3489 μηδὲ
433 3407 600 3489 προσμίξειε
619 3413 681 3483 τοῖς
699 3409 860 3490 πολεμίοις,
878 3406 1020 3488 κόλπωμα
1040 3412 1099 3471 τῶν
1117 3407 1224 3490 μέσων,

206 3498 303 3586 ὥσπερ
335 3505 444 3568 εἴωθεν
472 3503 506 3568 έν
538 3501 675 3588 μεγάλοις
709 3501 866 3588 μετώποις,
893 3501 1120 3587 λαμβανόντων,
1148 3501 1223 3570 οὕτω

208 3600 362 3684 διασαῆσαι
383 3598 437 3677 τὰς
460 3599 610 3683 δυνάμεις.
