2638 4056
133 210 1149 332 racom.e.o.mo.r.resr.1-o.obmrvsuosr'o-e.199

133 412 188 475 sed
210 413 242 474 iu
265 411 388 475 Libonis
410 411 509 474 enneli
531 411 612 474 llllll
635 414 721 474 anule
747 419 817 496 post
839 421 960 492 praetor
983 420 1029 475 est
1052 413 1148 477 Iactus

133 501 301 566 Tuditanus
323 519 413 581 quam
435 502 541 565 consol
562 501 732 564 Mummius.
768 517 829 563 uon
852 517 923 564 sane
946 501 1080 583 quadrat.

69 639 76 650 .
224 585 259 655 2.
285 591 346 653 Cic.
361 593 405 654 od
421 592 481 653 Ati.
496 592 586 654 XIII
599 591 687 667 323
711 589 751 652 lit
773 590 853 671 quod
875 591 912 653 od
935 599 966 653 to
989 592 1026 654 de
1045 590 1212 671 commit}

133 679 239 760 legatis
261 681 383 760 scripsi,
405 699 511 760 parum
534 679 693 761 intellexti,
716 680 820 762 credo,
848 682 917 760 quia
943 675 996 743 ini
1018 680 1209 762 oppeterem

133 770 322 848 scripseram.
366 767 634 834 oculorium
660 771 741 832 euim
774 768 966 851 quaerebam,
994 787 1084 850 quem
1111 783 1175 832 ext

133 857 294 920 Hortensio
313 857 464 922 audieram
483 858 576 920 luisse
594 860 626 920 iu
645 857 762 939 dccem3
780 875 850 920 eum
868 857 957 920 uideo
975 860 1007 920 iu
1025 858 1148 922 Libonis

131 955 301 1027 praetorem
324 945 356 1008 P.
374 946 500 1028 Popillio
523 946 555 1009 P.
578 946 705 1027 liupiIio.
740 948 826 1008 annIs
848 945 930 1008 XIIII
953 955 1035 1029 ente,
1059 966 1149 1029 quam

131 1042 253 1116 praetor
276 1035 372 1098 Iactus
395 1045 456 1117 cst,
483 1035 598 1116 legatus
620 1054 687 1097 esse
710 1032 878 1116 potuIsset?
908 1038 967 1098 nisi
989 1036 1149 1098 admodum

133 1141 201 1185 sero
225 1131 366 1205 quaestor
389 1133 435 1186 est
458 1125 567 1206 Iactus,
591 1123 670 1204 quod
692 1143 754 1186 uon
781 1123 918 1187 arbitror.
956 1125 1045 1187 uideo
1068 1127 1148 1186 euim

132 1212 253 1275 curules
276 1215 467 1293 magistratus
490 1231 559 1275 eum
587 1213 727 1293 legitimis
751 1215 836 1276 anuis
858 1211 999 1294 perfacile
1023 1215 1147 1296 cepisse.
1162 1225 1189 1268 1⁰

385 1379 430 1463 L.
463 1376 649 1466 Astiis
680 1378 889 1465 TVBERO

464 1568 471 1582 ,
530 1507 757 1565 resumetur

98 1597 131 1665 l.
158 1606 314 1668 Ciceronis
334 1604 502 1682 familiaris
518 1613 559 1677 ,et
585 1608 703 1683 repono
726 1623 755 1667 υ.
781 1605 830 1666 61.
856 1603 934 1680 693,
957 1606 1034 1668 bello
1060 1608 1149 1670 ciuili

132 1701 199 1756 orto
223 1694 397 1772 Pompeium
419 1701 541 1757 secutus
566 1693 689 1771 frustra
712 1693 853 1771 Africam
876 1696 1074 1771 prouinciam
1096 1697 1146 1757 ob·

132 1787 231 1845 tinere
253 1789 382 1845 conatos
405 1790 458 1858 eci,
481 1801 501 1845 o
525 1783 559 1844 P.
583 1783 664 1845 Attio
694 1782 775 1845 Varo
798 1787 946 1860 repulsus.

92 1873 130 1943 2.
154 1879 240 1942 Pbot.
264 1879 333 1942 bibl.
356 1882 423 1942 eod.
442 1879 505 1940 212
523 1899 555 1957 p.
574 1879 640 1940 169
663 1879 718 1941 Blc.
750 1875 866 1960 Γράφει
889 1877 923 1941 δὲ
948 1875 1019 1955 τοὺς
1040 1874 1147 1962 λόγους

132 1974 357 2058 [Πυρρωυίους]
369 1975 583 2060 Ἀἰνησίδημος
599 1980 790 2058 προσφωνῶν
807 1970 917 2051 αὐτοὺς
933 1979 993 2040 τῶν
1010 1970 1184 2050 iiiios-1⁵

132 2073 240 2156 δημίοις
261 2073 319 2138 τιυὶ
340 2070 554 2160 ουυυιρεσιοὶτῃ
571 2075 692 2160 Λευκίῳ
713 2071 874 2156 Τοβέροουι,
896 2071 982 2156 γένος
1003 2067 1058 2153 pir
1074 2067 1146 2136 Ῥω-

130 2173 222 2258 μαίῳ,
242 2168 315 2256 δόξῃ
334 2167 367 2235 δὲ
385 2176 509 2261 λαμπρῷ
528 2170 561 2236 ἔκ
578 2167 737 2255 προγόνου
759 2169 809 2234 noi
830 2165 981 2246 πολιτικὰς
997 2164 1091 2252 ἀρχὰς
1109 2164 1146 2234 oc’r

130 2265 183 2347 τὰς
194 2264 340 2352 τυχούσας
353 2266 487 2351 μετιόντι.
501 2273 685 2334 Adenndem
694 2270 737 2332 M.
746 2270 904 2336 Terentius
916 2270 1016 2332 Varro
1025 2271 1145 2345 locere-

131 2372 231 2432 ricem
253 2372 342 2451 misit,
365 2387 453 2446 quem
470 2368 590 2432 Tubero
610 2369 648 2430 de
666 2369 782 2448 origiue
800 2367 929 2430 bumana
947 2369 1111 2444 inscripsit.

94 2451 131 2519 3.
158 2459 255 2522 Cicer.
283 2460 327 2520 ed
356 2459 390 2532 0.
410 2457 453 2535 fr.
473 2459 499 2540 I,
521 2459 556 2534 3,
578 2459 623 2518 16
654 2459 729 2530 (scr.
754 2457 809 2520 66.
834 2455 915 2530 691)
960 2453 1146 2535 Quamquam
1159 2469 1187 2510 2⁰

130 2544 243 2626 legatos
265 2543 358 2608 babes
381 2565 446 2628 cos,
469 2548 523 2628 qui
544 2548 603 2626 ipsi
625 2564 680 2625 per
703 2564 735 2609 se
758 2545 890 2608 babituri
917 2547 978 2605 sint
1000 2546 1146 2606 rationem

131 2634 283 2714 diguitatis
310 2644 392 2717 tuae,
420 2635 457 2698 de
485 2635 595 2717 quibus
622 2635 735 2696 bonore
764 2641 794 2696 et
821 2634 963 2714 dignitate
992 2641 1023 2694 et
1049 2640 1145 2694 aetate

129 2731 262 2806 praestat
275 2721 403 2805 Tubero,
422 2742 512 2806 quem
528 2742 583 2804 ego
598 2723 737 2804 arbitror,
750 2724 928 2804 praesertim
946 2739 1015 2782 cum
1033 2719 1146 2782 scribat

129 2811 298 2892 historiam,
321 2811 430 2875 multos
459 2832 495 2875 ex
523 2815 586 2875 suis
613 2811 769 2874 annalibus
791 2829 879 2892 posse
903 2808 1046 2890 deligere,
1070 2827 1145 2890 quos

130 2899 204 2963 uelit
226 2909 257 2964 et
279 2903 375 2981 possit
396 2903 515 2964 imitari.
1159 2911 1186 2952 2⁵

384 3064 428 3170 Q.
460 3063 647 3153 tumus
679 3063 888 3152 TVBERO

525 3194 751 3252 'rusoruoms

95 3285 129 3357 1.
153 3293 249 3355 Filios
263 3293 362 3374 Lucii,
373 3310 498 3371 pnpnee
507 3292 710 3354 Pharsalicus
724 3289 873 3371 interfuit,
883 3294 953 3368 post
966 3306 994 3350 υ.
1005 3287 1060 3349 46.
1078 3283 1145 3348 708

135 3382 168 3456 Q.
187 3382 347 3458 Liparen
371 3383 457 3458 epod
481 3383 644 3443 Uenerem
664 3396 750 3442 reorn
770 3377 854 3455 fecit.

95 3465 131 3534 2.
154 3472 297 3548 Pompon.
321 3473 360 3533 de
382 3472 459 3546 orio.
482 3472 542 3531 ier.
562 3469 609 3529 16
630 3467 703 3530 Post
720 3468 776 3529 bos
794 3465 923 3537 Quintus
941 3463 1061 3527 Tubero
1080 3464 1146 3544 Itdt,

131 3560 184 3639 qui
201 3557 288 3622 Ofilio
312 3575 433 3638 operam
456 3557 546 3620 dedit.
569 3557 626 3619 luit
648 3564 748 3619 autem
770 3556 915 3635 patricios
938 3561 968 3615 et
990 3554 1110 3616 transiit
1128 3570 1145 3614 a

130 3650 231 3710 causis
253 3647 375 3727 mendis
398 3646 435 3708 ad
463 3648 511 3710 ios
533 3645 636 3727 ciuile,
663 3647 790 3707 maxime
816 3652 975 3725 postquam
1003 3641 1037 3714 Q.
1060 3641 1145 3720 Liga-
1158 3653 1186 3694 ³⁰
