2638 4056
369 227 604 286 TESTIMONIA.
641 228 778 286 ruteni.
798 235 822 285 1.
841 235 866 285 a.
1062 229 1124 296 191

73 372 109 441 4.
134 381 196 442 uid.
217 378 320 456 [1213
347 377 480 442 Licinius
503 378 603 441 Macer
626 387 730 442 auctor
754 385 800 440 est
823 381 907 441 etin
931 377 1051 440 foedere
1074 380 1126 439 Ar·

111 469 229 530 destino
258 475 289 530 et
315 470 347 530 in
374 467 474 529 linteis
501 467 587 530 libris
615 468 651 529 ad
679 468 815 530 Monetae
843 471 965 530 inuenta
993 461 1128 547 (nomina

111 551 292 640 consulum).
315 557 422 618 1415
446 575 521 637 quos
544 557 651 619 linteos
674 559 706 619 in
729 557 801 618 aede
825 559 974 637 repositos
991 555 1128 619 Monetae

110 646 211 710 Macer
224 646 357 708 Licinius
372 648 443 708 citat
457 647 613 708 itcntidem
627 656 773 708 auctores.
789 679 831 690 -
843 646 886 723 fr.
901 647 939 707 11
961 649 1025 724 (ap.
1039 647 1129 710 Dion.

110 737 195 827 Hae.)
218 744 375 817 Λικίννιος
404 740 457 823 μὲν
484 739 541 825 γὰρ
568 743 619 806 καὶ
646 745 678 807 οἱ
702 741 769 824 τιερλ
796 741 916 806 Γέλλιον
945 738 1035 806 οὐδὲν
1064 741 1157 824 ἔζη-6

111 836 228 915 τακότες
251 836 318 904 οὔτε
340 844 399 903 τῶν
422 837 545 906 εἰκότων
567 839 634 906 οότε
656 845 715 903 τῶν
738 842 884 903 δυνατῶν.
909 841 951 918 fr.
971 840 1012 902 12
1036 835 1131 904 οὐθὲν

112 933 280 1020 ἐξητακότες
302 942 361 1000 τῶν
383 937 451 1020 περὶ
473 934 544 1013 τοός
565 933 694 1021 χρόνους
716 933 860 1019 ἀκριβῶς,
883 932 923 1013 ῶς
946 933 1018 1001 αὐτὸ
1045 939 1133 1018 δηλοῖ

111 1033 248 1152 τοάργον,
270 1028 334 1098 ἀλλ’
360 1032 474 1118 εἰκυῖ’
447 1060 479 1100 το
501 1031 668 1117 κροστυγον
690 1031 937 1150 ἀποφαινόμενοι.
957 1035 1045 1112 fr..8

114 1232 210 1288 natur
232 1227 281 1287 lio.
300 1225 391 1286 XIX.
415 1225 505 1284 XXI.
524 1223 632 1284 XXII.
651 1223 950 1284 XXVIII—XXX.
974 1221 1130 1302 XXXII]
1145 1235 1172 1276 10

401 1393 600 1452 ANNALIVM
617 1391 844 1448 FRAGMENTA

502 1498 558 1556 EX
579 1499 708 1555 LIBRO
734 1501 748 1554 1

208 1610 240 1678 1.
265 1617 404 1679 Moeroh.
427 1623 485 1678 sat.
509 1614 667 1689 110,17
698 1612 797 1675 Macer
829 1613 1022 1676 historiarum
1054 1614 1132 1678 libro

114 1706 212 1784 primo
231 1704 367 1767 Faustuli
386 1707 544 1784 coniugem
557 1704 665 1764 Accam
679 1701 848 1763 Larentiam
862 1702 982 1766 Romuli
1000 1711 1030 1765 et
1047 1703 1133 1765 Remi

114 1795 264 1855 nutricem
287 1795 380 1856 fuisse
405 1793 568 1855 confirmat.
596 1789 673 1852 hanc
697 1800 840 1870 regnante
860 1790 985 1854 Romulo
1009 1793 1132 1854 Tarutio

115 1882 242 1965 cuidam,
261 1881 360 1946 Tusco
384 1883 481 1965 diuiti,
505 1881 664 1959 denuptam
684 1889 860 1959 auctamque
879 1880 1045 1943 hereditate
1066 1883 1133 1962 uiri,

116 1989 204 2051 quam
231 1979 300 2051 post
327 1971 466 2053 Romulo,
495 1987 584 2051 quem
612 1968 781 2051 educasset,
809 1968 944 2049 reliquit,
975 1976 1005 2030 et
1033 1969 1069 2031 ab
1097 1987 1132 2031 eo
1147 1980 1173 2022 ιο

114 2061 277 2142 parentalia
309 2061 447 2142 diemque
479 2059 590 2121 iestum
617 2075 706 2119 causa
738 2059 858 2136 pietatis
889 2065 1041 2120 statutum.
1079 2052 1134 2140 (ex

116 2150 255 2212 Maeroh.
272 2155 363 2228 closo.
381 2169 420 2214 νι.
438 2169 498 2212 sor
519 2167 568 2228 op.
581 2148 713 2208 Battum
733 2150 776 2208 αιλ
797 2147 857 2208 Cio.
877 2151 1010 2225 ιλαλεγμ.
1027 2147 1086 2223 12,
1104 2148 1133 2208 7.

119 2238 215 2315 -cfl
243 2241 306 2301 Cot.
327 2239 370 2315 sr
389 2240 440 2301 16
472 2240 534 2301 Vol.
558 2233 691 2311 Antmsr
710 2229 754 2319 1.)

207 2332 265 2398 2⁴³.
290 2339 397 2400 Ιουκκ.
412 2337 486 2399 Mol.
501 2338 608 2398 ceron.
628 2332 689 2394 VII
698 2350 730 2409 p.
744 2331 812 2392 179
826 2334 918 2394 Diod.
944 2299 1058 2396 Τοότου
1078 2324 1134 2395 οὖν

117 2429 253 2494 ἕνεκεν
239 2457 255 2497 o
273 2428 385 2514 Ῥῶμος
408 2427 601 2515 ἐπενόησε“
572 2456 606 2494 τα
629 2425 771 2510 λεγόμενα
794 2425 976 2511 Βρουμάλια,
1000 2425 1134 2510 εἰρηκῶς,
1147 2443 1174 2483 2⁰

117 2523 261 2612 φησίν,’
244 2554 409 2615 αναγκαιον
433 2525 558 2594 εἶναι’
531 2554 563 2593 το
585 2523 752 2611 τρέφειν
725 2550 777 2590 τον
793 2523 868 2590 κατά
890 2524 995 2608 καιρὸν
1013 2526 1135 2608 βασιλέα

116 2623 173 2708 τὴν
196 2622 304 2693 ἑαυτοῦ
332 2623 497 2713 σύγκλητον
523 2632 623 2691 πᾶσαν
650 2621 792 2700 καὶτοὺς
818 2625 852 2687 ἐν
874 2620 942 2708 ἀξία
964 2623 1014 2686 και
1037 2620 1135 2698 πόσας

116 2720 170 2800 τάς
193 2726 282 2790 ἔνδον
303 2732 356 2790 τοῦ
374 2728 517 2790 παλατίου
541 2722 633 2800 οόσας
656 2719 800 2805 στρατιάς,
820 2717 925 2798 ῶςέντ
926 2724 1025 2802 ίμους,
1045 2719 1078 2783 ἐν
1094 2725 1135 2782 τῶ

118 2846 211 2910 καιριμ
243 2829 295 2887 τοῦ
327 2829 483 2908 χειμῶνος,
512 2819 558 2887 ὅτε
589 2819 625 2886 τά
656 2819 799 2905 πολεμικὰ
832 2821 950 2884 ἔνδοσιν
983 2819 1047 2901 ἔχει.
1085 2783 1136 2880 κάλ

118 2915 226 3001 ἤρξατο
258 2918 392 3003 κρότους
423 2927 524 2984 καλεῖν
554 2921 604 2984 καὶ
635 2921 753 3004 τρέφειν
785 2914 855 2994 τοὺς
886 2913 946 2981 ἀπὸ
973 2921 1025 2980 τοῦ
1053 2913 1135 2996 ἀλφα
1149 2927 1175 2970 ²5

119 3018 238 3099 ἔχοντας
260 3015 292 3083 τὸ
316 3015 411 3101 όνομα
433 3017 484 3082 καὶ
506 3014 612 3084 λοικόν
629 3011 809 3092 ἀκολούθως
827 3015 882 3090 ἕως
899 3018 952 3078 τοῦ
970 3016 1135 3076 τελευταίου

119 3114 297 3200 γράμματος,
320 3114 458 3193 κελεόσας
486 3117 536 3180 καλ
562 3114 616 3198 τὴν
639 3117 746 3179 ἑαυτοῦ
770 3111 932 3197 σύγκλητον
958 3111 1074 3194 θρέψαι
1096 3115 1137 3196 τῷ

120 3212 200 3302 αὐτῷ
223 3212 354 3299 σχήματι.
390 3216 441 3280 καὶ
464 3216 600 3297 ἔθρεψαν
621 3213 672 3276 καὶ
695 3209 779 3276 αὐτοὶ
800 3208 852 3275 τόν
875 3207 996 3293 στρατὸν
1019 3206 1136 3272 ἅπαντα

120 3313 171 3376 καλ
194 3309 247 3389 οὓς
270 3312 437 3396 ἐβούλοντο.
471 3315 502 3376 ολ
488 3304 578 3376 [οὖν
596 3309 719 3375 ἓκάστου
739 3306 871 3392 ἀριθμοῦ
889 3310 1058 3390 πανδοῶροι
1076 3303 1136 3371 ἀπό

121 3407 289 3494 ἐπέρας’
271 3407 409 3487 αιτιόντες
437 3413 478 3487 εἰς
503 3433 573 3485 τους
600 3411 702 3484 οικους
729 3412 788 3470 τῶν
815 3402 1002 3470 καλεσάντων
1029 3400 1137 3480 αὐτους
1150 3417 1178 3458 ³⁰

122 3506 213 3572 ἐπ”
196 3534 234 3592 αρ
235 3514 303 3596 ίστρι
328 3512 369 3585 εἰς
396 3505 451 3590 τὴν
478 3508 545 3589 ἑξῆς
571 3505 685 3589 ηόλουν
712 3501 787 3588 πρὸς
813 3499 845 3567 τό
873 3508 985 3586 γνῶναι
1012 3501 1137 3581 ἐκεῖνον,

122 3602 167 3670 ότι
189 3603 259 3689 παρ’
286 3603 365 3670 αότῶ
387 3601 606 3688 τρέφοιται”
566 3629 680 3688 αυριον.
713 3601 764 3666 καλ
786 3595 956 3683 κατέσχε
929 3623 961 3664 το
985 3600 1056 3675 ἔθος
1078 3605 1138 3662 τῶν
