2648 4058
167 239 210 305 36
579 199 627 295 θ.
648 236 757 295 aaron

166 390 321 450 mansisse.
335 421 378 432 -
397 388 428 450 C.
443 387 555 451 Acilius
569 396 677 469 autem,
693 391 744 469 qui
759 390 870 451 Graece
885 391 1007 470 scripsit
1020 390 1184 472 historiam,

167 477 271 557 plures
294 480 335 538 ait
358 477 464 558 inisse,
488 479 540 557 qui
562 480 593 539 in
612 485 709 539 castra
728 480 926 541 reuertissent
945 479 1048 541 eadem
1071 480 1186 562 fraude,

167 575 201 627 ut
220 568 286 628 iure
305 567 432 628 iurando
451 565 664 647 liberarentur,
683 585 795 646 eosque
814 585 831 627 a
850 567 1026 630 censoribus
1045 568 1184 631 omnibns

105 709 157 758 m
167 657 339 734 ignominiis
362 662 488 717 notatos.
525 650 580 738 (es.
600 658 668 718 Liu.
687 657 792 718 XXII
807 656 857 737 61,
876 655 988 736 seqq.)

105 801 332 922 ⁶4²Jlispcnia]
352 850 440 904 nocte
460 861 493 904 ac
513 843 561 904 die
579 835 652 904 bina
668 851 765 904 castra
783 842 915 905 bostium
934 841 1185 922 [Uarthagmien-

165 937 244 994 sr'um
263 933 407 1008 Magonis
426 939 455 994 et
471 931 692 1010 Hasdrubalis]
718 940 885 1011 expugnata
904 932 998 994 ductu
1021 931 1053 994 L.
1073 932 1184 995 Marcii.

166 1021 203 1084 ad
222 1023 344 1101 triginta
363 1028 477 1101 septem
496 1020 576 1082 milia
596 1021 728 1082 hostium
747 1039 832 1083 caesa
851 1028 956 1083 auctor
973 1028 1020 1083 est
1034 1020 1184 1104 Claudius,

168 1113 219 1191 qui
246 1110 366 1172 annales
393 1110 543 1171 Acilianos
576 1129 611 1170 ex
645 1109 757 1171 Graeco
791 1111 822 1170 in
850 1109 988 1173 Latinum
1016 1129 1185 1172 sermonem

161 1202 273 1282 uertit,
301 1206 404 1280 captos
432 1199 467 1259 ad
496 1196 577 1260 mille
605 1200 791 1278 octingentos
819 1201 954 1280 triginta,
977 1199 1117 1279 praedam
1140 1203 1183 1262 in-
1199 1223 1225 1263 ro

103 1329 105 1334 -
167 1296 286 1368 gentem
308 1295 449 1368 paratam.
491 1290 522 1348 in
546 1306 579 1349 ca
603 1286 696 1349 luisse
725 1285 863 1367 clupeum
887 1295 1061 1368 argenteum
1084 1289 1184 1368 pondo

167 1385 287 1439 centum
311 1378 433 1458 triginta
457 1385 571 1456 septem
595 1395 663 1438 cum
687 1378 815 1456 imagine
838 1376 957 1439 Barcini
980 1376 1183 1439 Hasdrubalis.

168 1466 303 1546 -apud
327 1467 423 1526 omnis
441 1483 582 1545 magnum
600 1484 710 1527 nomen
726 1464 830 1527 blarcii
848 1465 934 1527 ducis
953 1472 1007 1528 est.
1044 1475 1074 1527 ct
1092 1485 1183 1528 uerae

167 1554 278 1635 gloriae
297 1556 362 1616 cius
382 1556 470 1615 etiam
490 1553 632 1616 miracula
651 1554 773 1637 addunt,
790 1554 937 1617 flammam
953 1557 981 1616 ei
1000 1557 1184 1618 contionanti

168 1645 264 1705 lusam
288 1663 304 1704 e
328 1645 424 1723 capite
448 1645 512 1704 sine
536 1645 630 1723 ipsius
654 1661 745 1704 sensu
768 1662 837 1704 curn
859 1661 967 1724 magno
989 1661 1102 1723 pauore
1127 1647 1225 1708 cir-1⁵

167 1735 380 1795 eumstantium
407 1732 549 1814 militum,
577 1736 852 1813 monimentumque
880 1732 1025 1794 uictoriae
1053 1736 1118 1795 eius
1147 1734 1183 1795 de

166 1822 274 1883 Poenis
301 1839 398 1902 usque
426 1821 463 1883 ad
491 1823 647 1882 incensum
679 1820 856 1901 Capitolium
888 1821 980 1884 luisse
1012 1824 1045 1884 in
1072 1823 1183 1903 templo

167 1910 307 1991 clupeum
333 1909 477 1972 Marcium
512 1909 689 1990 appellatum
723 1929 792 1972 cunr
824 1912 951 1990 imagine
979 1909 1182 1974 Hasdrubalis.

106 2068 157 2120 193
168 1994 223 2083 (cs.
242 2002 344 2063 Pisoo.
360 1999 403 2076 fr.
416 2001 468 2061 32.
495 2000 593 2062 Valer.
610 1999 653 2076 fr.
667 1992 733 2082 23.)
821 2021 838 2047 ⁰

104 2139 158 2148 --
258 2092 291 2161 5.
310 2097 379 2160 Liar.
389 2098 492 2160 XXX
496 2098 601 2174 VIA!
626 2095 776 2176 Sulpicius
792 2114 880 2177 aeger
890 2095 1027 2177 Pergami
1041 2096 1183 2159 substitit
1198 2120 1225 2160 ro

105 2157 156 2208 ⁵⁶¹
169 2186 273 2248 Villius
297 2204 366 2248 cum
384 2186 513 2247 Pisidiae
536 2184 614 2247 bello
634 2194 812 2264 occupatum
831 2203 898 2247 esse
917 2204 1018 2264 regem
1042 2186 1183 2267 audisset,

168 2275 320 2355 Ephesum
346 2275 513 2355 proiectus,
542 2274 613 2336 dum
636 2293 748 2355 paucos
775 2273 818 2335 ibi
845 2282 979 2336 moratur
1002 2276 1079 2357 dies,
1102 2275 1185 2337 dedit

169 2383 298 2444 operam,
321 2371 356 2424 ut
378 2382 447 2425 cum
470 2362 648 2446 Hannibale,
671 2365 810 2444 quitum
833 2362 876 2424 ibi
899 2364 977 2435 forte
1000 2371 1073 2446 crat,
1096 2381 1184 2443 saepe

169 2453 412 2535 congrederetur,
428 2460 462 2514 ut
481 2455 613 2514 animum
631 2455 697 2514 eius
716 2459 876 2532 temptaret
894 2459 933 2535 et,
952 2455 979 2514 si
997 2470 1056 2533 qua
1073 2460 1185 2534 posset,

169 2549 281 2603 metum
300 2541 434 2603 demeret
451 2541 578 2621 periculi
597 2543 757 2622 quicquam
776 2543 806 2602 ei
824 2540 860 2602 ab
879 2540 1020 2604 Romanis
1039 2560 1114 2603 esse.
1146 2543 1226 2605 iisse

169 2631 336 2711 conloquiis
365 2630 442 2692 aliud
472 2630 592 2711 quidem
616 2640 715 2692 actum
738 2629 813 2692 nihil
836 2638 894 2712 est,
924 2638 1062 2710 secutum
1085 2637 1184 2692 umen

169 2738 222 2782 sua
246 2727 351 2800 sponte
375 2726 433 2799 cst,
456 2719 541 2780 uelut
563 2718 687 2781 consilio
711 2723 837 2800 petitum
861 2728 953 2800 esset,
976 2727 1010 2781 ut
1033 2720 1122 2781 uilior
1145 2718 1184 2781 ob

170 2828 203 2871 ea
227 2811 292 2888 regi
314 2807 461 2870 Hannibal
483 2818 514 2871 et
538 2811 705 2888 suspectior
729 2807 765 2870 ad
789 2811 887 2870 omnia
910 2809 1005 2869 fieret.

259 2906 413 2987 Claudius,
436 2916 558 2968 secutus
582 2906 710 2967 Graecos
738 2904 887 2966 Acilianos
915 2903 1021 2986 libros,
1049 2904 1080 2965 P.
1107 2904 1184 2966 Airi-

170 3014 278 3057 canum
300 2999 331 3056 in
356 3015 390 3056 ea
418 2996 510 3057 luisse
533 2995 678 3075 legatione
702 2993 804 3074 tradit,
828 3011 956 3074 eumque
980 2991 1092 3073 Ephesi
1115 3011 1184 3054 con·
1199 3017 1226 3058 eo

170 3085 304 3145 locutum
327 3101 396 3146 cum
414 3083 587 3164 Hannibale,
611 3091 642 3145 et
664 3100 833 3144 sermonem
851 3100 945 3144 unum
964 3085 1053 3144 etiam
1077 3083 1184 3144 refert:

171 3173 327 3253 quaerenti
354 3172 506 3253 Africano,
539 3191 627 3252 quem
659 3172 753 3234 fuisse
780 3173 941 3234 maximum
974 3174 1184 3252 imperatorem

171 3260 318 3321 Hannibal
347 3261 497 3342 crederet,
528 3261 719 3341 respondisse
755 3260 954 3323 Alexandrum
990 3259 1184 3322 blacedonum

171 3367 282 3432 regem,
305 3350 384 3429 quod
407 3368 499 3431 parua
523 3368 612 3412 manu
634 3348 867 3412 innumerabiles
890 3351 1040 3414 exercitus
1058 3349 1185 3411 fudisset

173 3439 311 3519 quodque
343 3438 463 3500 ultimas
495 3457 598 3519 oras„
606 3457 679 3519 quas
710 3441 810 3500 uisere
843 3457 934 3519 supra
967 3457 1050 3519 spem
1082 3438 1184 3500 huma·
1199 3461 1226 3502 es

172 3545 240 3588 nam
262 3535 349 3608 esset,
367 3534 563 3606 peragrasset.
601 3530 757 3608 quaerenti
776 3527 892 3608 deinde,
911 3546 1001 3608 quom
1020 3527 1185 3590 secundum

171 3623 305 3696 poneret,
328 3615 476 3696 Pyrrhum
499 3617 609 3678 dixisse
633 3625 728 3678 castra
753 3619 858 3677 metari
880 3618 1010 3697 primum
1033 3616 1184 3697 docuisse;

104 779 159 788 -
257 750 292 816 4.
316 755 384 816 Liu.
398 754 466 814 XX
471 753 558 828 1⁷39,
573 755 611 814 11
638 753 682 815 lta
702 752 783 832 [post
804 761 930 816 mortem
953 756 1129 833 Scipionum
1153 759 1212 818 in⁵
1314 805 1315 830 θ
