2670 4058
377 227 613 286 TESTIMONIA.
650 230 787 287 FRAOM.
806 237 884 289 1-6.
1092 231 1136 298 75

115 387 171 440 aut
192 377 228 440 ad
248 377 385 440 Pisonem
407 379 511 441 autad
531 379 676 442 Fannium
696 389 748 442 aut
766 381 801 442 ad
816 381 1003 444 Vennonium
1022 380 1134 464 uenias,

115 483 301 548 quamquam
321 486 356 529 ex
375 467 422 530 his
441 468 518 530 alius
535 469 592 530 alio
611 469 680 550 pius
697 469 787 531 babet
800 473 925 553 uirium,
945 479 1043 533 tamen
1062 471 1133 551 quid

115 563 180 618 tam
205 556 282 618 exile
306 575 394 638 quam
418 559 468 619 isti
491 555 617 620 omnes?
639 551 695 644 (cs.
707 559 750 636 fr.
765 555 809 642 5.)

79 661 115 731 2.
140 665 248 727 Front.
268 667 312 726 od
331 665 398 727 Ver.
414 666 463 726 11
473 684 504 744 p.
519 667 581 727 114
596 669 630 727 Ν.
658 665 819 728 Historiam
843 685 961 748 quoque
984 666 1133 729 scribsere

116 751 282 815 -PIctor
304 754 464 816 incondite.
1147 777 1159 820 s

79 858 114 927 3.
139 861 331 938 Fropmenta
353 863 446 923 Fabii
468 863 601 924 Pectoris
622 865 773 925 librorum
797 866 875 926 iuris
893 865 1048 942 pontificii
1069 865 1132 926 uid.

115 949 228 1026 neruo.
244 951 302 1029 Jp.
317 951 489 1013 111-113.

513 1101 742 1160 FRAGMENTA

480 1210 543 1264 EX
574 1211 596 1266 L
611 1211 737 1269 IBRO
762 1213 776 1268 1

211 1317 264 1386 1¹¹².
298 1325 386 1386 Seru.
415 1327 460 1387 od
484 1325 570 1401 Verp.
595 1328 669 1388 Aea.
692 1327 765 1388 XII
786 1326 854 1387 603
894 1324 1004 1388 Fabius
1032 1325 1134 1387 Pictor

115 1412 191 1473 dicit
206 1412 284 1492 quod
299 1411 402 1475 Amata
417 1413 515 1475 inedia
530 1431 562 1475 se
577 1416 772 1476 interemerit.
793 1415 869 1478 Sane
884 1413 1048 1497 sciendum,
1063 1416 1132 1496 quia

116 1510 240 1563 cautum
263 1502 361 1563 iuerat
378 1504 410 1564 in
429 1502 649 1582 pontifioaIIbus
668 1503 766 1584 libris,
790 1512 824 1566 ut
843 1506 896 1584 qui
914 1503 1019 1585 laqueo
1038 1507 1131 1566 uitam
1146 1528 1172 1569 ro

115 1591 246 1672 finisset,
269 1590 437 1670 insepultus
460 1591 639 1654 obiceretur.

208 1683 268 1750 2*.
296 1689 420 1762 Quintil.
439 1690 506 1769 Io,
525 1689 566 1750 12
593 1689 696 1769 Lupus
718 1689 930 1772 masculinum,
953 1709 1131 1770 quamquam

116 1776 210 1838 Varro
230 1778 261 1838 in
280 1795 315 1838 ao
335 1777 421 1855 libro,
440 1796 500 1858 quo
518 1779 603 1839 initia
616 1777 765 1841 Romanae
784 1778 869 1840 urbis
886 1787 1013 1862 enarrat,
1027 1778 1131 1859 lupum

116 1866 258 1928 feminam
281 1867 355 1928 dicit
378 1865 507 1928 Ennium
530 1867 740 1947 Pictoremque
763 1867 886 1929 Fabium
910 1876 1041 1929 secutus.

209 1960 242 2028 3.
267 1967 342 2027 Noa.
361 1983 384 2026 r.
403 1984 432 2026 u.
452 1969 616 2042 pieumnus
635 1985 666 2042 p.
686 1965 749 2025 518
781 1963 891 2025 Fabius
909 1963 1011 2026 Pictor
1029 1983 1132 2026 rerum
1146 1981 1172 2022 ιε

116 2061 268 2134 gestarum
283 2052 333 2115 lib.
343 2053 369 2115 1:
392 2051 430 2115 Et
445 2053 534 2115 simul
548 2053 691 2115 uidebant
704 2055 806 2133 picum
820 2053 967 2114 Martium.
986 2048 1131 2138 (Faustu-

115 2147 163 2205 lus
181 2146 339 2220 ceterique
352 2138 517 2224 pastores.)

207 2234 242 2302 4.
267 2242 356 2303 Seru.
371 2244 415 2302 od
435 2242 522 2318 Verp.
537 2244 611 2304 Aea.
628 2241 709 2302 VIII
725 2240 793 2300 630
820 2239 944 2301 Fecerat
961 2241 1131 2318 ignipotens

116 2363 161 2373 -
184 2337 216 2390 et
238 2330 330 2392 uiridi
352 2329 442 2391 fetam
466 2329 609 2391 Mauortis
636 2331 668 2391 in
696 2337 782 2390 antro
810 2328 1007 2408 procubuisse
1030 2328 1130 2410 lupam

116 2421 252 2499 geminos
288 2418 359 2480 huic
396 2418 488 2480 ubera
521 2421 635 2481 circum
671 2418 774 2480 ludere
811 2418 968 2498 pendentis
1005 2416 1129 2497 pueros]
1145 2436 1172 2476 eo

117 2508 220 2570 Potest
248 2509 356 2587 accipi:
388 2515 419 2570 et
447 2507 559 2569 iecerat
585 2506 685 2587 lupam
708 2506 852 2568 Mauortis
880 2515 910 2568 et
933 2506 1077 2568 Mauortis
1099 2509 1131 2567 in

117 2604 211 2658 antro.
254 2596 364 2658 Fabius
388 2595 560 2675 speluncam
582 2595 686 2658 Martis
708 2595 792 2658 dixit.
834 2593 886 2676 (cs.
907 2597 980 2657 Feb.
995 2614 1044 2672 pr.
1060 2614 1130 2657 ona.

115 2685 157 2762 fr·
180 2678 353 2768 5⁶p.10.)

488 2783 542 2838 EX
560 2783 689 2839 LIBRO
708 2783 764 2840 ΙΙΠ

208 2893 243 2963 ὅ.
266 2899 363 2961 Cicer.
379 2901 417 2960 de
431 2901 526 2960 diota.
538 2897 617 2974 126,
627 2898 673 2957 54
692 2896 802 2984 Omnes
816 2898 872 2959 hoo
882 2897 1027 2980 historici,
1038 2897 1131 2979 Fabii,

119 2987 217 3070 Galbi,
242 2987 293 3049 sed
318 2989 453 3067 proxime
472 2986 600 3049 Coelius.
637 2984 713 3047 Cum
736 2985 813 3048 bello
837 2986 942 3048 Latino
966 2995 1034 3064 etq.
1049 3006 1072 3050 s.
1088 3013 1130 3038 =
1145 3011 1171 3054 rs

124 3078 155 3150 Q.
174 3079 248 3138 Fob.
269 3078 346 3138 Pr'et
363 3095 412 3154 pr.
432 3095 502 3139 aaa.
519 3075 561 3152 sr.
576 3075 617 3135 15
632 3093 662 3152 p.
678 3075 730 3135 24.
1141 3121 1193 3173 367

208 3170 244 3237 6.
267 3176 340 3237 Geli.
355 3194 383 3235 n.
398 3174 458 3235 Ao.
474 3174 569 3249 V4,3
591 3171 637 3234 lbi
655 3175 782 3253 expositi
796 3183 881 3236 erant
899 3172 982 3234 Fabii
1002 3171 1194 3262 annalesffl

121 3263 212 3324 bonae
236 3269 326 3343 atque
354 3265 488 3324 sincerae
512 3264 671 3324 uetustatis
694 3260 777 3343 libri,
805 3281 880 3343 quos
904 3262 1043 3324 uenditor
1066 3262 1130 3322 sine

120 3352 234 3414 mendis
258 3370 324 3414 esse
348 3350 554 3413 contendebat.
578 3384 622 3394 -
648 3349 830 3412 Ostendebat
857 3352 1067 3431 grammaticus
1090 3353 1129 3412 ita

120 3443 264 3520 scriptum
285 3443 316 3502 in
335 3439 411 3502 libro
432 3448 551 3520 quarto:
570 3439 758 3520 Quapropter
772 3447 837 3501 tum
850 3443 981 3520 primum
995 3458 1031 3500 ex
1044 3438 1131 3520 plebe
1145 3459 1172 3502 ao

120 3529 193 3594 aiter
216 3528 322 3592 consul
349 3529 446 3592 iactus
474 3537 533 3610 est,
561 3529 620 3590 duo
644 3537 674 3591 et
697 3531 840 3591 uicesImo
859 3547 950 3611 anno,
973 3535 1132 3609 postquam

121 3617 241 3680 Romam
266 3617 341 3680 Galli
364 3625 518 3698 ceperunt.
