2640 4052
445 226 676 283 FRAGMENTA
693 235 827 286 tic-102.
1099 232 1140 296 61

121 376 201 457 quod
225 383 371 456 arguatur
393 375 468 436 mate
496 375 595 438 facere
623 374 777 440 uoluisse?
803 397 890 440 nemo
918 381 1032 459 opinor.
1074 399 1143 442 nam

121 483 186 546 ego,
200 465 280 545 quod
301 465 338 526 ad
352 481 399 526 me
418 467 533 547 attinet,
548 465 647 527 nolim.
667 461 720 547 (es.
736 463 803 529 La‘u.
814 468 945 529 XXXX
951 469 1038 543 V24,
1053 463 1142 554 2sq.)

210 573 236 616 e.
261 552 340 625 Quid
359 550 462 616 nunc?
479 573 573 635 ecqua
592 555 711 617 tandem
730 555 776 617 lex
797 565 843 617 est
861 564 921 618 tam
935 557 1051 639 acerba,
1066 577 1142 638 quae

120 644 213 705 dicat:
238 644 265 705 si
288 645 357 723 quis
380 643 453 705 illud
476 643 574 706 facere
597 644 736 724 uoluerit,
759 645 840 706 mille
863 648 962 708 minus
985 647 1141 709 dimidium

121 731 250 793 familiae
274 731 367 794 multa
391 739 469 814 esto;
493 735 519 793 si
542 735 611 813 quis
633 732 701 813 plns
720 736 882 813 quingenta
905 738 1008 816 iugera
1030 736 1168 800 haberes

121 819 263 901 uoluerit,
281 827 364 882 tanta
382 839 477 902 poena
497 831 575 902 est03
599 824 625 882 si
644 825 712 902 quis
731 825 873 887 maiorem
890 842 1020 903 pecuum
1038 843 1141 886 nume·

120 929 188 972 rum
207 909 319 971 habere
338 909 478 992 uoluerit,
494 919 609 973 tantum
628 912 750 972 damnas
768 919 841 973 esto.
865 919 954 992 atque
973 931 1028 974 nos
1043 915 1141 975 omnia

119 998 206 1079 plura
222 997 333 1060 habere
348 998 496 1076 uolumus,
510 1007 541 1061 et
554 999 584 1060 id
599 1000 686 1062 nobis
704 1002 826 1080 impune
841 1009 895 1064 est.
915 996 972 1084 (=--
981 1004 1059 1064 Fert.
1073 1021 1096 1063 s.
1111 1021 1140 1064 u.

117 1106 251 1165 pecuum
271 1107 301 1165 p.
317 1086 386 1147 246
405 1087 446 1148 M.
479 1086 610 1150 Poenum
634 1108 703 1151 oum
727 1090 801 1151 dixit
819 1089 856 1150 it.
876 1089 947 1152 Cato
966 1109 1020 1172 per
1039 1108 1141 1153 casum

120 1178 296 1254 genetiunm
319 1194 335 1236 a
359 1175 503 1256 singulari
525 1196 612 1239 casus
635 1180 710 1240 recti
729 1177 878 1260 formauit,
901 1197 960 1259 quo
978 1179 1142 1241 utebantur
1156 1205 1181 1246 ro

121 1266 247 1346 antiqui,
270 1265 301 1326 id
325 1272 371 1326 est
393 1261 493 1347 pecu.)

209 1353 233 1426 f.
258 1352 316 1414 Sed
335 1355 362 1414 si
380 1354 524 1415 honorem
538 1373 597 1416 non
612 1373 741 1436 aequum
756 1364 801 1418 est
814 1355 919 1418 haberi
933 1356 971 1417 oh
986 1375 1050 1420 eam
1067 1375 1140 1439 rem,

120 1441 202 1524 quod
225 1442 302 1504 hene
329 1443 426 1504 facere
454 1443 586 1505 uoluisse
614 1447 682 1524 quis
709 1444 782 1506 dicit
809 1464 906 1525 neque
934 1445 1005 1508 fecit
1032 1455 1140 1527 tamen,

120 1529 344 1593 Rhodiensibus
356 1531 462 1613 oberit,
473 1531 552 1612 quud
563 1551 622 1594 nou
632 1531 708 1595 male
718 1533 855 1596 fecerunt
865 1535 918 1597 sed
928 1537 998 1616 quia
1008 1535 1139 1598 uoluisse

120 1621 265 1683 dicuntur
289 1615 409 1683 iacere?
433 1654 474 1663 —
1155 1651 1180 1694 ts

209 1729 239 1786 a.
263 1709 441 1771 Rhodiensis
456 1707 602 1789 superbos
616 1729 682 1773 esse
696 1713 787 1791 aiunt,
802 1712 832 1772 id
852 1711 1046 1794 obiectantes,
1061 1714 1140 1792 quod

120 1798 196 1860 mihi
220 1806 250 1860 et
274 1795 376 1860 liberis
399 1800 474 1860 meis
496 1801 618 1860 minime
637 1800 697 1862 dici
715 1801 815 1862 uelim.
839 1803 899 1862 sint
918 1820 989 1864 sano
1008 1803 1140 1882 superbi.

121 1886 194 1968 quid
218 1887 249 1948 id
272 1887 308 1948 ad
331 1905 387 1949 uos
410 1883 630 1950 attinentium
654 1891 826 1972 irascimini,
849 1891 876 1952 si
895 1892 962 1970 quis
982 1891 1140 1970 superbior

120 1984 168 2038 est
191 1995 281 2057 quam
304 1995 368 2038 uos.

177 2123 180 2132 ,
213 2078 272 2145 90.
299 2085 372 2145 Gall.
391 2084 444 2144 XI
458 2085 487 2158 3,
506 2083 528 2143 2
549 2081 693 2145 Videbam
715 2116 751 2128 -
772 2083 810 2146 M.
833 2084 974 2146 Catonem
997 2088 1029 2147 in
1051 2089 1140 2167 origi·
1154 2114 1181 2154 so

121 2189 195 2234 num
217 2180 325 2252 quarto
350 2205 391 2214 —
416 2171 572 2254 scribsisse
595 2175 720 2234 etitem
743 2175 775 2235 in
799 2175 917 2253 quintos
940 2173 1035 2237 Vrbes
1059 2177 1140 2238 insn-

120 2259 225 2340 lasque
248 2261 346 2322 omnis
369 2279 424 2341 pro
448 2279 519 2340 agro
542 2260 641 2341 Illyrio
665 2279 739 2323 esse.

211 2363 272 2429 91.
288 2369 362 2430 Non.
373 2386 395 2428 s.
406 2387 435 2429 u.
445 2371 649 2445 pisculentum
660 2387 690 2446 p.
697 2369 757 2429 151
771 2368 842 2430 Cato
853 2371 1002 2448 originum
1016 2370 1093 2432 libro
1103 2371 1139 2432 V:

119 2455 263 2518 Fluuium
285 2456 435 2518 Naronem
458 2473 597 2536 magnum
620 2455 779 2536 pulchrum
801 2458 1010 2538 pisculentum.

212 2558 271 2625 98.
296 2565 394 2626 Prisc.
413 2564 449 2624 X
465 2583 495 2642 p.
510 2564 576 2625 510
594 2563 631 2624 H.
669 2563 740 2625 Cato
763 2565 795 2625 in
818 2563 841 2623 V
864 2567 1026 2644 originum:
1053 2565 1139 2637 Quod
1154 2591 1180 2633 ao

121 2671 228 2714 eorum
251 2669 339 2713 nemo
363 2653 521 2732 quisquam
546 2655 705 2732 quicquam
728 2653 802 2714 mihi
824 2656 982 2733 ignoturus
1005 2663 1059 2716 est,

212 2753 271 2820 99.
295 2761 367 2820 Gall.
378 2756 413 2819 X
417 2757 511 2834 Vas
529 2755 566 2822 M.
576 2759 648 2821 Cato
662 2762 694 2821 iu
709 2762 811 2840 quinta
825 2762 940 2839 origine
955 2761 995 2821 ita
1005 2763 1139 2840 scripsit:
1258 2737 1262 2744 ⁸

120 2847 271 2910 Postridie
295 2849 388 2926 signis
412 2845 537 2909 conlatis
564 2867 660 2928 aequo
688 2849 785 2910 fronte
813 2845 960 2929 peditatu,
988 2849 1139 2928 equitibus

121 2945 212 3016 atque
236 2936 291 2998 alis
313 2954 383 2998 cum
405 2936 536 2997 hostium
560 2937 726 3016 legionibus
749 2939 957 3025 pugnauimus.

215 3037 298 3106 100.
321 3045 393 3105 dell.
407 3043 474 3105 XV
485 3043 513 3118 9,
528 3045 549 3104 5
570 3037 685 3106 ‘Recto’
706 3062 823 3124 quoqne
839 3039 959 3104 ‘fronte’
974 3044 1053 3105 idem
1068 3044 1139 3106 Cato
1153 3071 1180 3113 eo

119 3135 153 3194 in
177 3131 255 3194 libro
280 3132 384 3194 eodem
409 3131 577 3211 [originum
600 3130 718 3211 quinto]
743 3133 824 3194 dicit.

215 3231 297 3300 101.
324 3241 396 3301 Gell.
411 3241 447 3300 X
451 3240 536 3315 V13,
550 3241 571 3300 5
595 3239 632 3300 M.
647 3238 718 3301 Cato
737 3241 767 3300 in
786 3241 891 3319 quinta
903 3240 1033 3319 origiue:
1049 3240 1139 3304 Exer-

120 3328 225 3408 citum,
248 3329 355 3409 inqnit,
379 3346 466 3390 snum
489 3346 641 3411 pransum,
664 3337 808 3409 paratum,
831 3327 1020 3390 cohortatum
1038 3330 1140 3393 eduxit

119 3415 203 3477 foras
225 3425 316 3496 atque
338 3419 490 3480 iustruxit.

215 3517 298 3585 102.
322 3526 400 3585 cht.
414 3544 438 3586 s.
452 3544 481 3586 u.
497 3528 610 3603 pilates
624 3543 654 3601 p.
668 3524 736 3585 237
751 3525 793 3586 M.
817 3523 888 3586 Cato
907 3527 1055 3606 originum
1070 3526 1088 3587 l.
1103 3525 1140 3588 V:
1152 3547 1178 3590 u

119 3612 212 3694 Lapis
236 3612 391 3674 candidior
414 3631 501 3694 quam
525 3609 549 3694 †
571 3613 708 3693 pelastes.
