2638 4056
313 222 475 279 nvnnrn
491 221 587 277 nvn.
610 199 726 278 'rnsu
744 222 882 278 nuncu.
903 230 980 280 1-2.
1088 225 1153 291 243

136 372 274 451 βιοῦντος
288 367 378 459 αύτῷ,
391 367 488 454 ῥητωρ
502 359 543 451 ἦν
556 369 607 432 καλ
620 369 807 442 καταλέλοιπε
821 367 928 454 μικρὸν
941 371 1005 453 μέν,
1020 365 1058 436 ού
1075 377 1154 453 φαύ-

135 473 189 531 λον
208 466 241 531 δέ
260 464 434 552 σύγγραμμα
456 467 523 550 περὶ
541 473 593 548 τῆς
611 468 763 549 Καίσαρος
781 464 968 551 ἀναιρέσεως,
986 466 1003 534 δ
1021 475 1154 551 Βροῦτος

136 564 351 648 ἐπιγέγραπται.

241 916 339 971 LIBRI
358 917 405 972 DE
425 915 573 972 CATONI}
591 915 763 973 VTIOENSI
782 915 1040 973 TESTIMONIVM

100 1026 134 1094 l.
159 1032 237 1094 Plut.
256 1032 320 1093 Cot.
334 1035 404 1100 mio.
418 1032 466 1092 37
488 1029 550 1092 Καὶ
563 1025 620 1113 γὰρ
638 1025 726 1104 αὐτὸς
741 1029 916 1108 [Munatius
937 1030 1065 1110 amicos]
1085 1027 1152 1115 σύγ-

133 1151 253 1210 γραμμα
280 1127 346 1208 περλ
377 1132 430 1191 τοῦ
456 1123 600 1202 Κάτωνος
626 1126 782 1207 ἐξέδωκεν,
813 1117 837 1214 ᾧ
865 1123 988 1208 μάλιστα
1018 1127 1178 1210 oportun

133 1222 387 1308 ἐπηκολούθησεν.

520 1341 760 1401 FRAGMENTA.

225 1453 258 1522 l·.
289 1459 387 1522 Voler.
402 1461 489 1522 Mac.
505 1461 580 1521 IIII
589 1459 619 1534 3,
633 1458 655 1519 2
681 1456 791 1519 Verum
813 1466 849 1519 ut
871 1458 961 1519 huius
985 1459 1045 1520 utri
1069 1457 1213 1537 [Sci
1170 1459 1204 1508 58

128 1547 245 1626 pionis]
269 1547 465 1610 abstinentiae
488 1549 575 1610 testis
597 1506 747 1628 Hispania,
770 1549 811 1608 ita
830 1546 868 1608 M.
888 1547 1008 1609 CatonIs
1031 1546 1149 1628 Epiros,
1161 1548 1212 1598 696

132 1637 241 1698 Achaia
246 1637 420 1718 ,Cyclades
443 1638 566 1718 Insulae,
593 1639 743 1699 maritima
771 1655 841 1716 pars
863 1636 965 1716 Asiae,
993 1639 1151 1716 prouincIa

133 1723 254 1804 Cypros.
277 1727 358 1788 unde
372 1745 442 1788 cum
459 1728 604 1806 pecuniae
624 1725 824 1806 deportandae
843 1727 1044 1788 minIsterium
1062 1728 1191 1787 susti-1⁰
1301 1751 1302 1756 ¹

132 1823 227 1894 neret,
245 1823 306 1876 tam
325 1832 467 1876 auersum
485 1817 616 1876 animum
635 1813 672 1874 ab
691 1817 773 1875 omni
790 1833 904 1875 uenere
922 1833 1011 1894 quam
1030 1833 1046 1876 a
1065 1815 1150 1876 lucro

131 1901 250 1986 hahuit,
272 1905 304 1964 in
326 1906 454 1965 maxima
476 1905 636 1981 utriusque
660 1904 907 1981 Intemperantiae
935 1905 1060 1965 materia
1082 1921 1151 1964 uer-

131 1999 224 2053 satus.
247 2011 315 2054 nam
334 2001 365 2054 et
382 1995 481 2073 regiae
501 1993 624 2053 diuitiae
642 1999 790 2071 potestate
809 1993 905 2070 ipsius
919 1990 1151 2053 continebantur

131 2087 162 2142 et
194 2080 395 2143 fertilissImae
422 2082 597 2143 deliciarum
624 2087 669 2140 tot
692 2079 832 2141 GraecIae
859 2079 952 2141 urbes
982 2083 1150 2141 necessaria

130 2173 223 2232 totius
253 2173 452 2251 nauigationis
475 2168 661 2232 deuertIcula
689 2176 783 2230 erant.
820 2168 917 2250 Atque
944 2169 975 2230 id
998 2168 1149 2230 Munatius
1164 2184 1190 2225 15

130 2257 227 2321 Rufus
260 2260 420 2340 Cypriacae
453 2259 652 2340 expeditionis
688 2257 766 2318 fidus
799 2276 899 2320 comes
932 2259 1053 2337 scrIptis
1085 2260 1149 2320 suis

130 2349 287 2429 significat.
317 2351 404 2411 cuins
422 2349 629 2410 testimonium
647 2364 708 2407 non
726 2346 903 2427 amplector:
926 2349 1049 2427 proprio
1069 2349 1168 2409 enim¹

130 2446 306 2516 argumento
334 2439 411 2500 laus
426 2442 484 2500 ista
510 2439 631 2516 nititur,
659 2438 799 2515 quoniam
827 2455 864 2498 ex
892 2437 997 2499 eodem
1025 2445 1148 2500 naturae

129 2534 217 2621 utero
240 2535 271 2588 et
293 2530 476 2589 continentia
498 2535 567 2588 nata
590 2533 637 2587 est
660 2532 690 2586 et
713 2525 795 2587 Cato.

184 2609 255 2678 2.
279 2619 357 2678 Plot
375 2619 439 2679 Oct.
457 2616 504 2677 36
526 2609 583 2678 Διὸ
608 2613 716 2692 [nimio
740 2618 938 2691 diffluentia
926 2633 959 2676 m
981 2617 1150 2678 Ptolemaei
1166 2615 1200 2665 58

128 2716 300 2776 hereditate
331 2717 526 2778 distendendo
563 2712 650 2791 Octo]
683 2717 745 2786 τοῖς
775 2734 805 2774 τε
841 2707 941 2786 ἄλλοις
977 2705 1127 2790 φίλοις
1107 2735 1147 2786 ως
1156 2705 1207 2754 ⁶9ss

128 2806 260 2874 ἀπιστων
282 2809 481 2893 προσέκρουσε
503 2806 604 2873 καλ
577 2834 631 2874 τον
641 2807 767 2929 ’σννηθέ
768 2826 873 2872 στατον
896 2803 1036 2872 ἁπάντων
1055 2813 1147 2871 Moo-

127 2904 231 2972 νάτιον
254 2904 327 2985 εἰς’
314 2905 406 2993 οργὴν
428 2905 532 2992 sithoc
551 2902 650 2971 δεῖν’
633 2903 796 2988 ανήκεστον
815 2905 979 2990 γενομένην
998 2904 1146 2986 ἐνέβαλεν,

129 3003 201 3071 ὥστε
222 3007 274 3070 καλ
291 3008 421 3090 Καίσαρι
437 3002 588 3091 γράφοντι
605 3001 694 3088 λόγον
712 3001 786 3068 κατὰ
803 3007 857 3068 τοῦ
876 2999 1021 3079 Κάτωνος
1042 3025 1147 3086 πικρο-

127 3101 219 3186 τύτην
240 3108 326 3168 τοῦτο
349 3099 382 3167 τὸ
406 3103 493 3185 μέρος
515 3108 569 3185 τῆς
590 3104 766 3186 κατηγορίας
794 3097 949 3188 δρατριβὴν
975 3107 1145 3185 παρασχεῖν.
1160 3122 1185 3164 2⁵

128 3197 211 3284 (37.)
229 3197 264 3264 ‘0
286 3201 384 3282 μέντοι
405 3197 585 3277 Μουνάτιος
609 3197 664 3265 orio
686 3196 806 3285 ἆπιστίηι
827 3205 880 3264 τοῦ
903 3197 1056 3279 Κάτωνος,
1079 3194 1142 3262 ἄλλ’

128 3299 243 3363 ἐκείνου
267 3298 322 3380 μέν
343 3295 482 3384 ύλιγωρέγ
504 3295 579 3380 πρὸς
601 3293 708 3376 αὑτὸν,
731 3292 823 3361 αὑτοῦ
846 3298 881 3361 δέ
905 3323 964 3362 τινι
987 3299 1146 3382 ζηλοτυπία

127 3392 202 3481 πρὸς
228 3393 281 3460 τὸν
308 3398 456 3460 Κανίδιον
486 3397 598 3478 ἱστορεῖ
625 3395 766 3479 γενέσθαι
791 3391 846 3476 τὴν
873 3392 976 3478 ὀργήν.
1012 3395 1062 3459 καὶ
1088 3391 1145 3478 γὰρ

127 3489 219 3571 αὐτὸς
241 3491 416 3579 σύγγραμμα
443 3493 509 3575 περὶ
536 3499 589 3558 τοῦ
610 3491 755 3568 Κύτωνος
781 3491 942 3573 ἐξέδωκεν,
971 3484 994 3579 ᾧ
1022 3490 1145 3575 μάλιστα

131 3592 265 3675 Θρασέας
293 3588 524 3674 ἐπηκολούθησε.
561 3591 651 3676 Λέγει
679 3590 711 3655 δὲ
733 3587 852 3674 ὕστερος
875 3591 929 3673 μέν
952 3593 994 3667 εἰς
1017 3589 1144 3674 Κύπρον
1157 3613 1184 3654 eo

930 3690 986 3748 16*
