2670 4058
175 236 239 302 100
498 235 529 289 L.
548 233 667 292 conen
685 235 886 293 usurparat

174 387 227 465 qui
254 385 448 448 seruiendum
476 387 648 447 necessitati
670 385 768 466 putet!
797 387 849 448 sed
873 386 922 448 hic
946 389 1065 448 omuino
1090 387 1188 469 rudis;

174 473 260 536 nobis
290 481 391 537 autem
419 477 452 536 in
482 474 640 536 scribendo
670 483 758 556 atque
789 477 820 538 in
847 477 974 540 dicendo
1000 478 1188 538 necessitatis

174 565 326 624 excusatio
345 581 405 626 non
423 563 576 643 probatur.
611 564 686 628 nihil
704 573 751 626 est
769 567 849 626 enim
867 583 991 628 neccsse
1009 573 1052 647 et,
1072 567 1097 628 si
1116 567 1188 646 quid

176 659 268 733 esset,
290 652 321 713 id
340 670 463 715 necesse
482 660 660 716 tamennon
679 663 743 717 erat
761 656 905 717 confiteri.
943 662 973 716 ct
990 654 1040 716 hic
1059 656 1189 736 quidem,

176 743 228 820 qui
245 739 322 802 hanc
341 760 358 802 a
376 741 489 824 Laelio,
508 743 545 804 ad
564 761 654 822 quem
672 745 806 826 scripsit,
825 745 875 806 cui
893 763 925 806 se
938 751 1056 826 purgat,
1070 746 1215 806 ueniams
1325 769 1328 840 q

174 831 263 912 petit,
292 837 322 891 et
348 833 445 893 utitur
472 850 506 893 ea
533 833 708 894 traiectione
731 832 894 895 uerborum
920 841 951 894 et
973 833 1065 895 itihilo
1089 841 1189 896 tamen

174 921 273 998 aptius
297 919 396 1000 explet
419 919 630 1000 concluditque
654 924 824 984 sententias.

263 1001 323 1070 2²³.
357 1011 510 1071 Priscian.
536 1010 618 1073 VIII
625 1029 658 1089 p.
678 1011 743 1072 383
765 1011 801 1072 II.
843 1011 974 1074 Coelius:
1002 1030 1038 1072 er
1067 1014 1188 1091 scriptis
1323 1050 1328 1131 ,

174 1113 278 1157 eorum
302 1099 355 1177 qui
377 1100 444 1159 ueri
466 1098 658 1161 arbitrantur.

262 1181 297 1248 3.
329 1189 483 1249 Priscian.
503 1188 593 1248 XIII
607 1208 639 1267 p.
660 1189 735 1250 8H.
764 1189 881 1251 Caelius
904 1192 936 1250 in
954 1189 981 1250 1:
1003 1189 1106 1270 Neque
1129 1192 1189 1269 ipsi
1203 1206 1229 1247 ro
1327 1199 1328 1242 i

173 1289 224 1336 eos
252 1273 302 1336 alii
327 1275 409 1337 modi
439 1293 505 1338 esse
538 1284 627 1356 atque
656 1277 786 1339 Amilcar
813 1278 901 1360 dixit,
933 1279 1092 1342 ostendere
1120 1297 1187 1359 pos·
1327 1277 1328 1298 ¹

173 1371 243 1426 sunt
265 1363 361 1426 aliter.

262 1445 297 1514 4.
321 1454 472 1517 Priscian.
487 1455 608 1518 ΧΙΙΙ8
622 1457 659 1516 II.
679 1454 796 1518 Caelius
810 1458 842 1518 in
856 1455 883 1518 lc
900 1456 1066 1536 Antequam
1075 1457 1189 1518 Barcha

172 1543 316 1622 perierat,
340 1542 389 1603 alii
411 1546 457 1604 rei
480 1562 568 1605 causa
591 1546 623 1604 in
645 1543 776 1606 Africam
799 1547 916 1608 missus.

263 1625 322 1692 li*.
346 1633 421 1693 Non.
435 1651 458 1693 s.
473 1635 660 1712 adeliciam
671 1652 701 1710 p.
716 1633 762 1694 8θ
785 1634 916 1695 Coelius:
936 1633 1063 1696 Tantum
1077 1635 1189 1698 bellum
1202 1650 1229 1693 ιε

173 1722 318 1781 suscitare
342 1723 445 1782 conari
468 1720 657 1783 aduersarios
681 1731 785 1785 contra
807 1722 955 1784 bellosam
977 1741 1081 1802 genus.

262 1815 296 1881 6.
327 1821 478 1882 Priscian.
498 1820 534 1879 Χ
543 1838 575 1898 p.
595 1820 661 1880 510
679 1820 716 1882 H.
745 1818 862 1881 Caelius
885 1823 916 1882 in
940 1819 966 1882 l:
990 1820 1048 1891 Qui
1071 1840 1139 1884 cum
1162 1825 1188 1883 is

173 1908 213 1968 ita
236 1905 342 1970 foedus
365 1909 469 1968 icistis.

263 1990 296 2058 7.
325 1999 399 2058 Nan.
420 2015 442 2059 s.
462 2015 491 2058 n.
508 2003 671 2074 poteratur
686 2017 717 2075 p.
732 1999 799 2059 508
829 1997 946 2060 Caelius
970 1999 1068 2060 annali
1090 1998 1140 2060 lib.
1159 1995 1187 2060 I:

172 2083 246 2146 Cum
269 2087 335 2146 iure
359 2087 423 2146 sine
445 2085 589 2165 periculo·
602 2085 714 2147 bellum
737 2088 801 2166 geri
824 2095 987 2166 poteratur.
1200 2108 1227 2148 so

263 2177 297 2244 8.
322 2183 475 2245 Priscian.
497 2183 578 2244 VIII
587 2202 618 2260 p.
637 2181 705 2243 399
718 2184 755 2243 II.
786 2183 903 2245 (laelius
922 2187 954 2245 iu
972 2182 998 2246 1:
1022 2183 1080 2254 Qui
1102 2185 1188 2246 intel·

173 2271 276 2350 legunt
299 2289 375 2350 quae
398 2271 483 2351 fiant,
506 2272 734 2334 dissentinutur.

261 2354 297 2421 9.
322 2362 397 2421 Non.
407 2379 431 2420 s.
441 2377 470 2420 a.
481 2363 629 2422 dedicare
634 2381 666 2440 p.
676 2363 744 2424 280
762 2361 879 2423 Caelius
898 2364 930 2422 iu
949 2361 1097 2423 annalium
1111 2361 1187 2422 libro

172 2450 282 2527 primo:
306 2448 410 2527 Legati
433 2467 492 2528 quo
514 2451 599 2510 missi
623 2458 694 2512 sunt
718 2451 858 2532 ueniunt,
881 2450 1020 2511 dedicant
1044 2450 1187 2512 mandata.

262 2540 321 2608 lo.
349 2548 465 2608 Ollaria.
477 2547 499 2607 I
500 2565 531 2625 p.
541 2547 652 2610 treis.
672 2543 1186 2630 ‘Saguntinorum'Goelius,Sagun-
1201 2567 1228 2608 ss

172 2637 248 2696 tium
268 2634 438 2716 Sallustius,
460 2643 495 2696 ut
512 2635 624 2698 Paulus
646 2639 678 2698 in
701 2637 795 2699 Caelii
817 2637 941 2698 historia
963 2636 1039 2698 libro
1058 2636 1072 2697 1
1094 2646 1186 2699 notat.

111 2769 165 2777 -«
264 2727 347 2795 ll*.
381 2735 477 2796 Cicer.
498 2738 536 2797 da
555 2738 649 2797 diuin.
670 2736 758 2810 124,
779 2735 823 2795 49
849 2734 913 2795 lioc
936 2737 1008 2794 item
1030 2737 1062 2795 in
1086 2733 1188 2814 Sileni,

111 2697 163 2746 218

111 2785 163 2836 ⁵³⁶
174 2841 264 2902 quem
271 2822 390 2884 Coelius
400 2825 544 2905 sequitur,
552 2823 665 2886 Graeca
674 2823 799 2885 historia
809 2833 855 2884 cst
864 2817 905 2904 (is
915 2831 1015 2885 autem
1025 2823 1187 2904 diligentis·

174 2911 494 2973 sumercsllannibalis
502 2921 679 2992 persecutus
690 2907 1048 2994 est):Hannibalem,cum
1059 2916 1189 2994 cepisset

175 3001 353 3081 Saguntum,
376 3003 475 3062 uisum
499 3020 565 3064 esse
592 3004 624 3062 iu
648 3003 759 3062 somnis
782 3020 799 3061 a
821 2999 893 3062 louc
915 3004 947 3062 iu
970 3002 1095 3064 deorum
1118 3022 1187 3064 con·
1202 3023 1228 3064 ao
1327 3057 1328 3076 ,

174 3089 276 3150 cilium
309 3092 419 3151 uocari.
470 3109 530 3170 quo
562 3108 630 3151 cum
667 3092 814 3170 uenisset,
849 3089 951 3152 leuem
982 3093 1188 3172 imperauisse,
1320 3079 1328 3104 ⁴

174 3186 209 3240 ut
231 3177 332 3239 ltaliae
354 3178 466 3241 bellum
488 3179 627 3258 inferret,
654 3178 821 3259 ducemque
848 3181 878 3240 ci
904 3198 998 3242 unum
1022 3199 1038 3241 e
1062 3180 1187 3242 concilio

175 3268 290 3348 datum,
309 3286 369 3347 quo
387 3267 472 3330 illum
489 3276 624 3328 utentem
641 3285 712 3328 cum
733 3271 867 3330 exercitu
884 3269 1027 3349 progredi
1044 3271 1187 3348 coepisse.

175 3364 239 3418 tum
259 3358 287 3417 ei
305 3356 412 3418 dracern
431 3356 515 3417 illum
527 3359 729 3439 praecepisse,
744 3376 783 3418 ne
797 3361 974 3437 respiceret,
991 3357 1074 3418 illum
1088 3366 1189 3419 autem

175 3445 206 3505 id
233 3445 346 3506 diutius
373 3446 471 3507 iacere
503 3464 564 3506 non
590 3448 724 3524 potuisse
753 3446 923 3526 elatumque
952 3445 1114 3524 cupiditate
1142 3465 1188 3507 re·
1202 3466 1228 3508 aa

176 3537 322 3612 spexisser
345 3542 409 3595 tum
432 3536 528 3595 uisam
552 3534 669 3596 beluam
692 3543 807 3596 uastam
827 3542 858 3595 et
876 3537 1044 3616 immanem,
1062 3538 1188 3596 circum·

174 3623 314 3703 plicatam
332 3622 531 3704 serpentibus,
551 3642 738 3704 quacumque
756 3624 921 3704 incederet,
941 3626 1039 3685 omnia
1058 3624 1188 3706 arbusta,
