<?xml version="1.0" encoding="UTF-8"?>
<!DOCTYPE html PUBLIC "-//W3C//DTD XHTML 1.0 Transitional//EN"
    "http://www.w3.org/TR/xhtml1/DTD/xhtml1-transitional.dtd">
<html xmlns="http://www.w3.org/1999/xhtml" xml:lang="en" lang="en">
 <head>
  <title>
</title>
<meta http-equiv="Content-Type" content="text/html;charset=utf-8" />
  <meta name='ocr-system' content='tesseract 3.04.00' />
  <meta name='ocr-capabilities' content='ocr_page ocr_carea ocr_par ocr_line ocrx_word'/>
</head>
<body>
  <div class='ocr_page' id='page_1' title='image "./historicorumrom02petegoog_0136.png"; bbox 0 0 2670 4058; ppageno 0'>
   <div class='ocr_carea' id='block_1_1' title="bbox 447 233 1140 314">
    <p class='ocr_par' dir='ltr' id='par_1_1' title="bbox 447 233 1140 314">
     <span class='ocr_line' id='line_1_1' title="bbox 447 233 1140 314; baseline 0.014 -18"><span class='ocrx_word' id='word_1_1' title='bbox 447 233 672 297; x_wconf 70' lang='lat' dir='ltr'><strong>FRAGMENTA</strong></span> <span class='ocrx_word' id='word_1_2' title='bbox 692 247 806 299; x_wconf 75' lang='lat' dir='ltr'>ta-aa.</span> <span class='ocrx_word' id='word_1_3' title='bbox 908 300 918 314; x_wconf 67' lang='lat'><em>,</em></span> <span class='ocrx_word' id='word_1_4' title='bbox 1076 242 1140 308; x_wconf 75' lang='lat'>107</span> 
     </span>
    </p>
   </div>
   <div class='ocr_carea' id='block_1_2' title="bbox 125 384 1141 561">
    <p class='ocr_par' dir='ltr' id='par_1_2' title="bbox 125 384 1141 561">
     <span class='ocr_line' id='line_1_2' title="bbox 149 384 1141 473; baseline 0.003 -22"><span class='ocrx_word' id='word_1_5' title='bbox 149 411 152 416; x_wconf 94' lang='lat'>·</span> <span class='ocrx_word' id='word_1_6' title='bbox 214 384 274 453; x_wconf 71' lang='grc'>59.</span> <span class='ocrx_word' id='word_1_7' title='bbox 299 391 386 454; x_wconf 84' lang='lat' dir='ltr'>Seru.</span> <span class='ocrx_word' id='word_1_8' title='bbox 406 393 479 456; x_wconf 81' lang='lat' dir='ltr'>Aea.</span> <span class='ocrx_word' id='word_1_9' title='bbox 499 393 613 454; x_wconf 77' lang='grc'><strong>11145</strong></span> <span class='ocrx_word' id='word_1_10' title='bbox 645 391 822 473; x_wconf 80' lang='lat' dir='ltr'>Coeliusque</span> <span class='ocrx_word' id='word_1_11' title='bbox 851 392 1013 455; x_wconf 85' lang='lat' dir='ltr'>Troianum</span> <span class='ocrx_word' id='word_1_12' title='bbox 1041 392 1141 473; x_wconf 80' lang='lat' dir='ltr'>Capyn</span> 
     </span>
     <span class='ocr_line' id='line_1_3' title="bbox 125 480 1139 561; baseline 0.002 -19"><span class='ocrx_word' id='word_1_13' title='bbox 125 480 295 543; x_wconf 85' lang='lat' dir='ltr'>condidisse</span> <span class='ocrx_word' id='word_1_14' title='bbox 311 481 439 561; x_wconf 79' lang='lat' dir='ltr'><strong>Capuam</strong></span> <span class='ocrx_word' id='word_1_15' title='bbox 459 481 581 544; x_wconf 76' lang='lat' dir='ltr'>tradidit</span> <span class='ocrx_word' id='word_1_16' title='bbox 595 497 724 561; x_wconf 90' lang='lat' dir='ltr'>eumque</span> <span class='ocrx_word' id='word_1_17' title='bbox 738 483 854 544; x_wconf 88' lang='lat' dir='ltr'>Aeneae</span> <span class='ocrx_word' id='word_1_18' title='bbox 869 484 961 544; x_wconf 85' lang='lat' dir='ltr'>luisse</span> <span class='ocrx_word' id='word_1_19' title='bbox 976 481 1139 544; x_wconf 89' lang='lat' dir='ltr'>sobrinum.</span> 
     </span>
    </p>
   </div>
   <div class='ocr_carea' id='block_1_3' title="bbox 124 582 1141 763">
    <p class='ocr_par' dir='ltr' id='par_1_3' title="bbox 124 582 1141 763">
     <span class='ocr_line' id='line_1_4' title="bbox 215 582 1141 652; baseline 0 -2"><span class='ocrx_word' id='word_1_20' title='bbox 215 582 275 651; x_wconf 79' lang='grc'>53.</span> <span class='ocrx_word' id='word_1_21' title='bbox 304 589 391 650; x_wconf 82' lang='lat' dir='ltr'>Seru.</span> <span class='ocrx_word' id='word_1_22' title='bbox 411 591 456 650; x_wconf 81' lang='lat' dir='ltr'>ad</span> <span class='ocrx_word' id='word_1_23' title='bbox 472 591 545 651; x_wconf 80' lang='lat' dir='ltr'>Aea.</span> <span class='ocrx_word' id='word_1_24' title='bbox 566 590 624 651; x_wconf 92' lang='lat' dir='ltr'>III</span> <span class='ocrx_word' id='word_1_25' title='bbox 638 589 707 650; x_wconf 74' lang='lat'>402</span> <span class='ocrx_word' id='word_1_26' title='bbox 738 589 793 652; x_wconf 88' lang='lat' dir='ltr'>llic</span> <span class='ocrx_word' id='word_1_27' title='bbox 821 589 870 651; x_wconf 93' lang='lat' dir='ltr'>illa</span> <span class='ocrx_word' id='word_1_28' title='bbox 893 590 979 652; x_wconf 93' lang='lat' dir='ltr'>ducis</span> <span class='ocrx_word' id='word_1_29' title='bbox 1002 587 1141 651; x_wconf 75' lang='lat' dir='ltr'>Meliboei</span> 
     </span>
     <span class='ocr_line' id='line_1_5' title="bbox 124 676 1139 763; baseline 0.003 -26"><span class='ocrx_word' id='word_1_30' title='bbox 124 695 218 756; x_wconf 90' lang='lat' dir='ltr'>parua</span> <span class='ocrx_word' id='word_1_31' title='bbox 245 676 428 738; x_wconf 88' lang='lat' dir='ltr'>Philoctetae</span> <span class='ocrx_word' id='word_1_32' title='bbox 456 677 582 739; x_wconf 83' lang='lat' dir='ltr'>subnixa</span> <span class='ocrx_word' id='word_1_33' title='bbox 609 677 721 740; x_wconf 85' lang='lat' dir='ltr'>Petelia</span> <span class='ocrx_word' id='word_1_34' title='bbox 748 679 849 756; x_wconf 89' lang='lat' dir='ltr'>muro]</span> <span class='ocrx_word' id='word_1_35' title='bbox 875 677 963 763; x_wconf 87' lang='lat' dir='ltr'>Nam,</span> <span class='ocrx_word' id='word_1_36' title='bbox 996 681 1036 742; x_wconf 90' lang='lat' dir='ltr'>ait</span> <span class='ocrx_word' id='word_1_37' title='bbox 1067 678 1139 740; x_wconf 81' lang='lat' dir='ltr'>Cata</span> 
     </span>
    </p>
   </div>
   <div class='ocr_carea' id='block_1_4' title="bbox 7 765 1165 848">
    <p class='ocr_par' dir='ltr' id='par_1_4' title="bbox 7 765 1165 848">
     <span class='ocr_line' id='line_1_6' title="bbox 7 765 1165 848; baseline -0.002 -19"><span class='ocrx_word' id='word_1_38' title='bbox 7 787 11 806; x_wconf 82' lang='lat'>¹</span> <span class='ocrx_word' id='word_1_39' title='bbox 124 765 180 844; x_wconf 83' lang='lat' dir='ltr'>[fr.</span> <span class='ocrx_word' id='word_1_40' title='bbox 198 765 271 847; x_wconf 85' lang='lat'><strong><em>70]‚</em></strong></span> <span class='ocrx_word' id='word_1_41' title='bbox 295 784 311 827; x_wconf 93' lang='lat' dir='ltr'>a</span> <span class='ocrx_word' id='word_1_42' title='bbox 334 765 498 830; x_wconf 87' lang='lat' dir='ltr'>Philocteta</span> <span class='ocrx_word' id='word_1_43' title='bbox 521 766 640 829; x_wconf 87' lang='lat' dir='ltr'>condita</span> <span class='ocrx_word' id='word_1_44' title='bbox 663 769 722 829; x_wconf 92' lang='lat' dir='ltr'>iam</span> <span class='ocrx_word' id='word_1_45' title='bbox 742 769 859 848; x_wconf 79' lang='lat' dir='ltr'>pridem</span> <span class='ocrx_word' id='word_1_46' title='bbox 878 770 999 830; x_wconf 90' lang='lat' dir='ltr'>ciuitate</span> <span class='ocrx_word' id='word_1_47' title='bbox 1017 777 1165 829; x_wconf 69' lang='lat' dir='ltr'>murumt</span> 
     </span>
    </p>
   </div>
   <div class='ocr_carea' id='block_1_5' title="bbox 123 851 1138 1025">
    <p class='ocr_par' dir='ltr' id='par_1_5' title="bbox 123 851 1138 1025">
     <span class='ocr_line' id='line_1_7' title="bbox 124 851 1138 938; baseline 0.001 -22"><span class='ocrx_word' id='word_1_48' title='bbox 124 862 241 916; x_wconf 88' lang='lat' dir='ltr'>tantum</span> <span class='ocrx_word' id='word_1_49' title='bbox 264 855 382 917; x_wconf 86' lang='lat' dir='ltr'>iactum.</span> <span class='ocrx_word' id='word_1_50' title='bbox 425 855 474 917; x_wconf 87' lang='lat' dir='ltr'>alii</span> <span class='ocrx_word' id='word_1_51' title='bbox 502 851 692 918; x_wconf 77' lang='lat' dir='ltr'>‘subnixam&#39;</span> <span class='ocrx_word' id='word_1_52' title='bbox 721 857 787 919; x_wconf 92' lang='lat' dir='ltr'>ideo</span> <span class='ocrx_word' id='word_1_53' title='bbox 812 859 974 937; x_wconf 87' lang='lat' dir='ltr'>accipiunt,</span> <span class='ocrx_word' id='word_1_54' title='bbox 1003 859 1072 938; x_wconf 89' lang='lat' dir='ltr'>qnia</span> <span class='ocrx_word' id='word_1_55' title='bbox 1095 859 1138 917; x_wconf 91' lang='lat' dir='ltr'>in·</span> 
     </span>
     <span class='ocr_line' id='line_1_8' title="bbox 123 942 1008 1025; baseline 0.002 -21"><span class='ocrx_word' id='word_1_56' title='bbox 123 946 220 1024; x_wconf 89' lang='lat' dir='ltr'>posita</span> <span class='ocrx_word' id='word_1_57' title='bbox 244 952 290 1006; x_wconf 86' lang='lat' dir='ltr'>est</span> <span class='ocrx_word' id='word_1_58' title='bbox 313 942 430 1006; x_wconf 82' lang='lat' dir='ltr'>excelso</span> <span class='ocrx_word' id='word_1_59' title='bbox 453 963 553 1025; x_wconf 81' lang='lat' dir='ltr'>muro,</span> <span class='ocrx_word' id='word_1_60' title='bbox 577 952 610 1007; x_wconf 85' lang='lat' dir='ltr'>ot</span> <span class='ocrx_word' id='word_1_61' title='bbox 633 945 752 1010; x_wconf 84' lang='lat' dir='ltr'>Coelius</span> <span class='ocrx_word' id='word_1_62' title='bbox 773 945 937 1011; x_wconf 85' lang='lat' dir='ltr'>historicus</span> <span class='ocrx_word' id='word_1_63' title='bbox 960 949 1008 1007; x_wconf 89' lang='lat' dir='ltr'>ait.</span> 
     </span>
    </p>
   </div>
   <div class='ocr_carea' id='block_1_6' title="bbox 106 1046 1179 1315">
    <p class='ocr_par' dir='ltr' id='par_1_6' title="bbox 106 1046 1179 1315">
     <span class='ocr_line' id='line_1_9' title="bbox 106 1046 1137 1115; baseline 0 -3"><span class='ocrx_word' id='word_1_64' title='bbox 106 1067 108 1069; x_wconf 86' lang='grc'><em>·</em></span> <span class='ocrx_word' id='word_1_65' title='bbox 214 1046 273 1115; x_wconf 76' lang='grc'>54.</span> <span class='ocrx_word' id='word_1_66' title='bbox 302 1053 390 1114; x_wconf 82' lang='lat' dir='ltr'>Serta.</span> <span class='ocrx_word' id='word_1_67' title='bbox 411 1055 454 1114; x_wconf 84' lang='lat' dir='ltr'>od</span> <span class='ocrx_word' id='word_1_68' title='bbox 470 1055 544 1113; x_wconf 79' lang='lat' dir='ltr'>Aeo.</span> <span class='ocrx_word' id='word_1_69' title='bbox 571 1053 652 1113; x_wconf 76' lang='lat' dir='ltr'>Vra</span> <span class='ocrx_word' id='word_1_70' title='bbox 689 1053 806 1115; x_wconf 83' lang='lat' dir='ltr'>Coelius</span> <span class='ocrx_word' id='word_1_71' title='bbox 834 1055 913 1113; x_wconf 89' lang='lat' dir='ltr'>enim</span> <span class='ocrx_word' id='word_1_72' title='bbox 941 1053 978 1114; x_wconf 91' lang='lat' dir='ltr'>de</span> <span class='ocrx_word' id='word_1_73' title='bbox 1006 1052 1137 1114; x_wconf 88' lang='lat' dir='ltr'>Cumano</span> 
     </span>
     <span class='ocr_line' id='line_1_10' title="bbox 123 1139 1138 1224; baseline 0.002 -24"><span class='ocrx_word' id='word_1_74' title='bbox 123 1139 258 1220; x_wconf 82' lang='lat' dir='ltr'>Apolline</span> <span class='ocrx_word' id='word_1_75' title='bbox 283 1144 337 1203; x_wconf 88' lang='lat' dir='ltr'>ait:</span> <span class='ocrx_word' id='word_1_76' title='bbox 360 1141 415 1202; x_wconf 89' lang='lat' dir='ltr'>Est</span> <span class='ocrx_word' id='word_1_77' title='bbox 438 1143 469 1202; x_wconf 90' lang='lat' dir='ltr'>in</span> <span class='ocrx_word' id='word_1_78' title='bbox 489 1142 555 1202; x_wconf 85' lang='lat' dir='ltr'>Iano</span> <span class='ocrx_word' id='word_1_79' title='bbox 576 1143 694 1220; x_wconf 81' lang='lat' dir='ltr'>signum</span> <span class='ocrx_word' id='word_1_80' title='bbox 713 1141 858 1222; x_wconf 83' lang='lat' dir='ltr'>Apollinis</span> <span class='ocrx_word' id='word_1_81' title='bbox 882 1141 1022 1224; x_wconf 79' lang='lat' dir='ltr'>ligneum,</span> <span class='ocrx_word' id='word_1_82' title='bbox 1046 1140 1138 1202; x_wconf 92' lang='lat' dir='ltr'>altum</span> 
     </span>
     <span class='ocr_line' id='line_1_11' title="bbox 120 1230 1179 1315; baseline 0.003 -26"><span class='ocrx_word' id='word_1_83' title='bbox 120 1248 182 1290; x_wconf 93' lang='lat' dir='ltr'>non</span> <span class='ocrx_word' id='word_1_84' title='bbox 205 1231 304 1291; x_wconf 87' lang='lat' dir='ltr'>minus</span> <span class='ocrx_word' id='word_1_85' title='bbox 327 1230 419 1315; x_wconf 90' lang='lat' dir='ltr'>pedes</span> <span class='ocrx_word' id='word_1_86' title='bbox 442 1245 496 1291; x_wconf 86' lang='lat' dir='ltr'>xv.</span> <span class='ocrx_word' id='word_1_87' title='bbox 921 1241 922 1244; x_wconf 75' lang='grc'>’</span> <span class='ocrx_word' id='word_1_88' title='bbox 1153 1260 1179 1300; x_wconf 81' lang='lat'>10</span> 
     </span>
    </p>
   </div>
   <div class='ocr_carea' id='block_1_7' title="bbox 123 1300 1139 1488">
    <p class='ocr_par' dir='ltr' id='par_1_7' title="bbox 123 1300 1139 1488">
     <span class='ocr_line' id='line_1_12' title="bbox 212 1300 1139 1418; baseline 0.001 -21"><span class='ocrx_word' id='word_1_89' title='bbox 212 1329 270 1399; x_wconf 91' lang='grc'>55.</span> <span class='ocrx_word' id='word_1_90' title='bbox 301 1338 388 1399; x_wconf 79' lang='lat' dir='ltr'>Seru.</span> <span class='ocrx_word' id='word_1_91' title='bbox 409 1340 453 1399; x_wconf 82' lang='lat' dir='ltr'>od</span> <span class='ocrx_word' id='word_1_92' title='bbox 468 1339 543 1398; x_wconf 83' lang='lat' dir='ltr'>Aeo.</span> <span class='ocrx_word' id='word_1_93' title='bbox 564 1337 639 1398; x_wconf 89' lang='lat' dir='ltr'><em>IIII</em></span> <span class='ocrx_word' id='word_1_94' title='bbox 653 1336 723 1397; x_wconf 80' lang='lat'>206</span> <span class='ocrx_word' id='word_1_95' title='bbox 755 1337 887 1399; x_wconf 87' lang='lat' dir='ltr'>Coelius:</span> <span class='ocrx_word' id='word_1_96' title='bbox 915 1337 1058 1398; x_wconf 84' lang='lat' dir='ltr'>Maurusii</span> <span class='ocrx_word' id='word_1_97' title='bbox 1087 1300 1139 1418; x_wconf 90' lang='lat' dir='ltr'>qul</span> 
     </span>
     <span class='ocr_line' id='line_1_13' title="bbox 123 1424 513 1488; baseline 0 -2"><span class='ocrx_word' id='word_1_98' title='bbox 123 1428 206 1488; x_wconf 73' lang='lat' dir='ltr'>iuxta</span> <span class='ocrx_word' id='word_1_99' title='bbox 228 1424 379 1487; x_wconf 84' lang='lat' dir='ltr'>Oceanum</span> <span class='ocrx_word' id='word_1_100' title='bbox 404 1425 513 1487; x_wconf 90' lang='lat' dir='ltr'>colunt.</span> 
     </span>
    </p>
   </div>
   <div class='ocr_carea' id='block_1_8' title="bbox 122 1527 1179 1881">
    <p class='ocr_par' dir='ltr' id='par_1_8' title="bbox 122 1527 1179 1881">
     <span class='ocr_line' id='line_1_14' title="bbox 213 1527 1138 1612; baseline 0.001 -20"><span class='ocrx_word' id='word_1_101' title='bbox 213 1527 272 1595; x_wconf 93' lang='grc'>56.</span> <span class='ocrx_word' id='word_1_102' title='bbox 296 1535 373 1594; x_wconf 79' lang='lat' dir='ltr'>Plio.</span> <span class='ocrx_word' id='word_1_103' title='bbox 385 1553 413 1594; x_wconf 81' lang='lat' dir='ltr'>ae.</span> <span class='ocrx_word' id='word_1_104' title='bbox 423 1535 451 1594; x_wconf 87' lang='lat' dir='ltr'>b.</span> <span class='ocrx_word' id='word_1_105' title='bbox 463 1532 573 1593; x_wconf 81' lang='grc'><em>11169</em></span> <span class='ocrx_word' id='word_1_106' title='bbox 592 1532 748 1594; x_wconf 88' lang='lat' dir='ltr'>Praeterea</span> <span class='ocrx_word' id='word_1_107' title='bbox 758 1532 857 1612; x_wconf 88' lang='lat' dir='ltr'>Nepos</span> <span class='ocrx_word' id='word_1_108' title='bbox 868 1533 1024 1594; x_wconf 85' lang='lat' dir='ltr'>Cornelius</span> <span class='ocrx_word' id='word_1_109' title='bbox 1034 1541 1138 1594; x_wconf 89' lang='lat' dir='ltr'>auctor</span> 
     </span>
     <span class='ocr_line' id='line_1_15' title="bbox 123 1620 1138 1704; baseline 0 -22"><span class='ocrx_word' id='word_1_110' title='bbox 123 1629 178 1704; x_wconf 76' lang='lat' dir='ltr'>est,</span> <span class='ocrx_word' id='word_1_111' title='bbox 200 1620 357 1683; x_wconf 84' lang='lat' dir='ltr'>Eudoxum</span> <span class='ocrx_word' id='word_1_112' title='bbox 381 1621 528 1703; x_wconf 90' lang='lat' dir='ltr'>quendam</span> <span class='ocrx_word' id='word_1_113' title='bbox 553 1641 607 1683; x_wconf 90' lang='lat' dir='ltr'>sua</span> <span class='ocrx_word' id='word_1_114' title='bbox 630 1630 739 1702; x_wconf 91' lang='lat' dir='ltr'>aetate,</span> <span class='ocrx_word' id='word_1_115' title='bbox 763 1640 832 1683; x_wconf 91' lang='lat' dir='ltr'>cum</span> <span class='ocrx_word' id='word_1_116' title='bbox 850 1621 1012 1702; x_wconf 81' lang='lat' dir='ltr'>Lathyrum</span> <span class='ocrx_word' id='word_1_117' title='bbox 1035 1639 1138 1701; x_wconf 83' lang='lat' dir='ltr'>regem</span> 
     </span>
     <span class='ocr_line' id='line_1_16' title="bbox 122 1709 1179 1792; baseline 0.001 -21"><span class='ocrx_word' id='word_1_118' title='bbox 122 1710 253 1791; x_wconf 81' lang='lat' dir='ltr'>lugeret,</span> <span class='ocrx_word' id='word_1_119' title='bbox 280 1709 406 1772; x_wconf 90' lang='lat' dir='ltr'>Arabico</span> <span class='ocrx_word' id='word_1_120' title='bbox 435 1711 503 1771; x_wconf 93' lang='lat' dir='ltr'>sinu</span> <span class='ocrx_word' id='word_1_121' title='bbox 532 1727 685 1792; x_wconf 79' lang='lat' dir='ltr'>egressum</span> <span class='ocrx_word' id='word_1_122' title='bbox 716 1711 804 1773; x_wconf 86' lang='lat' dir='ltr'>Gadis</span> <span class='ocrx_word' id='word_1_123' title='bbox 834 1728 929 1790; x_wconf 88' lang='lat' dir='ltr'>usque</span> <span class='ocrx_word' id='word_1_124' title='bbox 953 1719 1138 1791; x_wconf 81' lang='lat' dir='ltr'>peruentum,</span> <span class='ocrx_word' id='word_1_125' title='bbox 1153 1719 1179 1762; x_wconf 77' lang='lat'>1⁵</span> 
     </span>
     <span class='ocr_line' id='line_1_17' title="bbox 123 1799 1138 1881; baseline 0 -21"><span class='ocrx_word' id='word_1_126' title='bbox 123 1799 276 1879; x_wconf 90' lang='lat' dir='ltr'>multoque</span> <span class='ocrx_word' id='word_1_127' title='bbox 299 1809 367 1860; x_wconf 90' lang='lat' dir='ltr'>ante</span> <span class='ocrx_word' id='word_1_128' title='bbox 391 1816 459 1860; x_wconf 89' lang='lat' dir='ltr'>enm</span> <span class='ocrx_word' id='word_1_129' title='bbox 478 1799 594 1861; x_wconf 85' lang='lat' dir='ltr'>Caelius</span> <span class='ocrx_word' id='word_1_130' title='bbox 613 1801 770 1880; x_wconf 77' lang='lat' dir='ltr'>Antipater</span> <span class='ocrx_word' id='word_1_131' title='bbox 789 1800 900 1861; x_wconf 91' lang='lat' dir='ltr'>uidisse</span> <span class='ocrx_word' id='word_1_132' title='bbox 919 1817 964 1881; x_wconf 91' lang='lat' dir='ltr'>se,</span> <span class='ocrx_word' id='word_1_133' title='bbox 984 1801 1037 1880; x_wconf 88' lang='lat' dir='ltr'>qui</span> <span class='ocrx_word' id='word_1_134' title='bbox 1056 1803 1138 1861; x_wconf 84' lang='lat' dir='ltr'>naui·</span> 
     </span>
    </p>
   </div>
   <div class='ocr_carea' id='block_1_9' title="bbox 122 1883 1139 2058">
    <p class='ocr_par' dir='ltr' id='par_1_9' title="bbox 122 1883 1139 2058">
     <span class='ocr_line' id='line_1_18' title="bbox 122 1883 1139 1970; baseline 0.001 -21"><span class='ocrx_word' id='word_1_135' title='bbox 122 1897 222 1968; x_wconf 84' lang='lat' dir='ltr'>gasset</span> <span class='ocrx_word' id='word_1_136' title='bbox 250 1907 286 1949; x_wconf 83' lang='lat' dir='ltr'>ex</span> <span class='ocrx_word' id='word_1_137' title='bbox 313 1887 456 1968; x_wconf 87' lang='lat' dir='ltr'>Hispania</span> <span class='ocrx_word' id='word_1_138' title='bbox 488 1891 520 1949; x_wconf 91' lang='lat' dir='ltr'>in</span> <span class='ocrx_word' id='word_1_139' title='bbox 547 1888 733 1969; x_wconf 81' lang='lat' dir='ltr'>Aethiopiam</span> <span class='ocrx_word' id='word_1_140' title='bbox 768 1891 919 1950; x_wconf 87' lang='lat' dir='ltr'>conmerci</span> <span class='ocrx_word' id='word_1_141' title='bbox 946 1891 1048 1969; x_wconf 82' lang='lat' dir='ltr'>gratia.</span> <span class='ocrx_word' id='word_1_142' title='bbox 1084 1883 1139 1970; x_wconf 83' lang='lat' dir='ltr'>(ex</span> 
     </span>
     <span class='ocr_line' id='line_1_19' title="bbox 124 1973 595 2058; baseline -0.004 -19"><span class='ocrx_word' id='word_1_143' title='bbox 124 1979 222 2040; x_wconf 79' lang='lat' dir='ltr'>Pla&#39;oa&#39;o</span> <span class='ocrx_word' id='word_1_144' title='bbox 241 1979 335 2042; x_wconf 80' lang='lat' dir='ltr'>Mart</span> <span class='ocrx_word' id='word_1_145' title='bbox 360 1977 430 2056; x_wconf 77' lang='lat' dir='ltr'>Cap.</span> <span class='ocrx_word' id='word_1_146' title='bbox 453 1973 595 2058; x_wconf 70' lang='grc'><strong>111621.)</strong></span> 
     </span>
    </p>
   </div>
   <div class='ocr_carea' id='block_1_10' title="bbox 124 2080 1178 2254">
    <p class='ocr_par' dir='ltr' id='par_1_10' title="bbox 124 2080 1178 2254">
     <span class='ocr_line' id='line_1_20' title="bbox 212 2080 1137 2165; baseline -0.001 -19"><span class='ocrx_word' id='word_1_147' title='bbox 212 2080 270 2148; x_wconf 78' lang='grc'>57.</span> <span class='ocrx_word' id='word_1_148' title='bbox 294 2087 370 2146; x_wconf 83' lang='lat' dir='ltr'>Non.</span> <span class='ocrx_word' id='word_1_149' title='bbox 389 2103 412 2146; x_wconf 82' lang='lat' dir='ltr'>s.</span> <span class='ocrx_word' id='word_1_150' title='bbox 430 2103 461 2146; x_wconf 81' lang='lat' dir='ltr'>a.</span> <span class='ocrx_word' id='word_1_151' title='bbox 476 2088 670 2162; x_wconf 76' lang='lat' dir='ltr'>pedetentim</span> <span class='ocrx_word' id='word_1_152' title='bbox 684 2104 716 2162; x_wconf 81' lang='lat' dir='ltr'>p.</span> <span class='ocrx_word' id='word_1_153' title='bbox 731 2085 774 2145; x_wconf 83' lang='grc'>29</span> <span class='ocrx_word' id='word_1_154' title='bbox 797 2085 914 2147; x_wconf 80' lang='lat' dir='ltr'>Caelius</span> <span class='ocrx_word' id='word_1_155' title='bbox 938 2083 1049 2146; x_wconf 72' lang='lat' dir='ltr'>annuit:</span> <span class='ocrx_word' id='word_1_156' title='bbox 1073 2086 1137 2165; x_wconf 89' lang='lat' dir='ltr'>ipse</span> 
     </span>
     <span class='ocr_line' id='line_1_21' title="bbox 124 2173 1178 2254; baseline -0.001 -20"><span class='ocrx_word' id='word_1_157' title='bbox 124 2191 193 2235; x_wconf 89' lang='lat' dir='ltr'>cum</span> <span class='ocrx_word' id='word_1_158' title='bbox 216 2183 315 2237; x_wconf 87' lang='lat' dir='ltr'>cetera</span> <span class='ocrx_word' id='word_1_159' title='bbox 337 2176 422 2253; x_wconf 87' lang='lat' dir='ltr'>capia</span> <span class='ocrx_word' id='word_1_160' title='bbox 446 2173 639 2252; x_wconf 77' lang='lat' dir='ltr'>pmaumdm</span> <span class='ocrx_word' id='word_1_161' title='bbox 662 2176 808 2254; x_wconf 86' lang='lat' dir='ltr'>seqnitur.</span> <span class='ocrx_word' id='word_1_162' title='bbox 1152 2194 1178 2234; x_wconf 80' lang='lat' dir='ltr'>so</span> 
     </span>
    </p>
   </div>
   <div class='ocr_carea' id='block_1_11' title="bbox 125 2274 1137 2449">
    <p class='ocr_par' dir='ltr' id='par_1_11' title="bbox 125 2274 1137 2449">
     <span class='ocr_line' id='line_1_22' title="bbox 214 2274 1137 2344; baseline 0 -4"><span class='ocrx_word' id='word_1_163' title='bbox 214 2274 273 2342; x_wconf 85' lang='grc'>58.</span> <span class='ocrx_word' id='word_1_164' title='bbox 292 2281 380 2341; x_wconf 80' lang='lat' dir='ltr'>Seru.</span> <span class='ocrx_word' id='word_1_165' title='bbox 391 2282 435 2341; x_wconf 79' lang='lat' dir='ltr'>ad</span> <span class='ocrx_word' id='word_1_166' title='bbox 444 2280 517 2341; x_wconf 77' lang='lat' dir='ltr'>Asa.</span> <span class='ocrx_word' id='word_1_167' title='bbox 529 2279 679 2340; x_wconf 81' lang='grc'><em>1111399</em></span> <span class='ocrx_word' id='word_1_168' title='bbox 691 2279 809 2342; x_wconf 81' lang='lat' dir='ltr'>Caelius</span> <span class='ocrx_word' id='word_1_169' title='bbox 819 2281 1026 2344; x_wconf 81' lang='lat' dir='ltr'>historiaruma</span> <span class='ocrx_word' id='word_1_170' title='bbox 1039 2279 1137 2341; x_wconf 85' lang='lat' dir='ltr'>Delin-</span> 
     </span>
     <span class='ocr_line' id='line_1_23' title="bbox 125 2368 887 2449; baseline 0.005 -20"><span class='ocrx_word' id='word_1_171' title='bbox 125 2387 218 2448; x_wconf 87' lang='lat' dir='ltr'>qnere</span> <span class='ocrx_word' id='word_1_172' title='bbox 240 2369 437 2449; x_wconf 78' lang='lat' dir='ltr'>frumentum,</span> <span class='ocrx_word' id='word_1_173' title='bbox 461 2368 629 2430; x_wconf 90' lang='lat' dir='ltr'>Sardiniam</span> <span class='ocrx_word' id='word_1_174' title='bbox 651 2369 755 2432; x_wconf 86' lang='lat' dir='ltr'>hostes</span> <span class='ocrx_word' id='word_1_175' title='bbox 776 2378 887 2435; x_wconf 81' lang='lat' dir='ltr'>tenere</span> 
     </span>
    </p>
   </div>
   <div class='ocr_carea' id='block_1_12' title="bbox 123 2469 1178 2840">
    <p class='ocr_par' dir='ltr' id='par_1_12' title="bbox 123 2469 1138 2647">
     <span class='ocr_line' id='line_1_24' title="bbox 213 2469 1138 2553; baseline -0.001 -17"><span class='ocrx_word' id='word_1_176' title='bbox 213 2470 273 2538; x_wconf 75' lang='lat' dir='ltr'>to.</span> <span class='ocrx_word' id='word_1_177' title='bbox 288 2478 367 2538; x_wconf 72' lang='lat' dir='ltr'>dell.</span> <span class='ocrx_word' id='word_1_178' title='bbox 378 2477 413 2537; x_wconf 85' lang='lat' dir='ltr'><em>X</em></span> <span class='ocrx_word' id='word_1_179' title='bbox 418 2476 479 2551; x_wconf 73' lang='lat' dir='ltr'>to</span> <span class='ocrx_word' id='word_1_180' title='bbox 501 2469 626 2536; x_wconf 79' lang='lat' dir='ltr'>‘Tertio’</span> <span class='ocrx_word' id='word_1_181' title='bbox 637 2469 993 2553; x_wconf 71' lang='lat' dir='ltr'>et‘quartoaonsul’aon</span> <span class='ocrx_word' id='word_1_182' title='bbox 1004 2469 1138 2536; x_wconf 74' lang='lat' dir='ltr'>‘tertium</span> 
     </span>
     <span class='ocr_line' id='line_1_25' title="bbox 123 2561 1115 2647; baseline 0 -23"><span class='ocrx_word' id='word_1_183' title='bbox 123 2561 348 2647; x_wconf 82' lang='lat' dir='ltr'>quartum’que,</span> <span class='ocrx_word' id='word_1_184' title='bbox 372 2565 462 2644; x_wconf 83' lang='lat' dir='ltr'>idque</span> <span class='ocrx_word' id='word_1_185' title='bbox 485 2566 516 2625; x_wconf 91' lang='lat' dir='ltr'>in</span> <span class='ocrx_word' id='word_1_186' title='bbox 540 2565 689 2642; x_wconf 73' lang='lat' dir='ltr'>principio</span> <span class='ocrx_word' id='word_1_187' title='bbox 707 2563 778 2625; x_wconf 82' lang='lat' dir='ltr'>libri</span> <span class='ocrx_word' id='word_1_188' title='bbox 795 2563 929 2625; x_wconf 81' lang='lat' dir='ltr'>Coelium</span> <span class='ocrx_word' id='word_1_189' title='bbox 950 2563 1115 2630; x_wconf 79' lang='lat' dir='ltr'>scribsisse.</span> 
     </span>
    </p>

    <p class='ocr_par' dir='ltr' id='par_1_13' title="bbox 125 2665 1178 2840">
     <span class='ocr_line' id='line_1_26' title="bbox 213 2665 1178 2750; baseline -0.001 -18"><span class='ocrx_word' id='word_1_190' title='bbox 213 2665 272 2732; x_wconf 84' lang='grc'>66.</span> <span class='ocrx_word' id='word_1_191' title='bbox 295 2672 413 2732; x_wconf 72' lang='lat' dir='ltr'>Ultoris.</span> <span class='ocrx_word' id='word_1_192' title='bbox 425 2673 497 2748; x_wconf 87' lang='lat' dir='ltr'>IIp.</span> <span class='ocrx_word' id='word_1_193' title='bbox 507 2671 575 2732; x_wconf 81' lang='lat'>220</span> <span class='ocrx_word' id='word_1_194' title='bbox 584 2673 622 2731; x_wconf 86' lang='lat' dir='ltr'>K.</span> <span class='ocrx_word' id='word_1_195' title='bbox 638 2665 795 2734; x_wconf 75' lang='lat' dir='ltr'>‘Subinde&#39;</span> <span class='ocrx_word' id='word_1_196' title='bbox 805 2671 904 2750; x_wconf 85' lang='lat' dir='ltr'>Nepos</span> <span class='ocrx_word' id='word_1_197' title='bbox 916 2671 953 2732; x_wconf 90' lang='lat' dir='ltr'>dc</span> <span class='ocrx_word' id='word_1_198' title='bbox 961 2671 1138 2734; x_wconf 82' lang='lat' dir='ltr'>inlustribus</span> <span class='ocrx_word' id='word_1_199' title='bbox 1153 2682 1178 2724; x_wconf 71' lang='lat' dir='ltr'>ab</span> 
     </span>
     <span class='ocr_line' id='line_1_27' title="bbox 125 2758 1139 2840; baseline 0.002 -21"><span class='ocrx_word' id='word_1_200' title='bbox 125 2761 200 2820; x_wconf 91' lang='lat' dir='ltr'>uiris</span> <span class='ocrx_word' id='word_1_201' title='bbox 214 2758 253 2840; x_wconf 87' lang='lat' dir='ltr'>ll,</span> <span class='ocrx_word' id='word_1_202' title='bbox 277 2759 329 2820; x_wconf 89' lang='lat' dir='ltr'>sed</span> <span class='ocrx_word' id='word_1_203' title='bbox 353 2767 383 2821; x_wconf 89' lang='lat' dir='ltr'>et</span> <span class='ocrx_word' id='word_1_204' title='bbox 405 2759 518 2821; x_wconf 90' lang='lat' dir='ltr'>Brutus</span> <span class='ocrx_word' id='word_1_205' title='bbox 542 2768 573 2820; x_wconf 91' lang='lat' dir='ltr'>et</span> <span class='ocrx_word' id='word_1_206' title='bbox 595 2759 713 2820; x_wconf 85' lang='lat' dir='ltr'>Coelius</span> <span class='ocrx_word' id='word_1_207' title='bbox 737 2760 911 2839; x_wconf 81' lang='lat' dir='ltr'>frequenter</span> <span class='ocrx_word' id='word_1_208' title='bbox 934 2778 969 2820; x_wconf 91' lang='lat' dir='ltr'>eo</span> <span class='ocrx_word' id='word_1_209' title='bbox 993 2763 1041 2824; x_wconf 88' lang='lat' dir='ltr'>usi</span> <span class='ocrx_word' id='word_1_210' title='bbox 1059 2767 1139 2822; x_wconf 85' lang='lat' dir='ltr'>sunt.</span> 
     </span>
    </p>
   </div>
   <div class='ocr_carea' id='block_1_13' title="bbox 125 2870 1138 3046">
    <p class='ocr_par' dir='ltr' id='par_1_14' title="bbox 125 2870 1138 3046">
     <span class='ocr_line' id='line_1_28' title="bbox 213 2870 1138 2955; baseline -0.001 -17"><span class='ocrx_word' id='word_1_211' title='bbox 213 2870 272 2939; x_wconf 92' lang='grc'>61.</span> <span class='ocrx_word' id='word_1_212' title='bbox 304 2878 351 2938; x_wconf 84' lang='lat' dir='ltr'>De</span> <span class='ocrx_word' id='word_1_213' title='bbox 374 2878 443 2938; x_wconf 82' lang='lat' dir='ltr'>dub.</span> <span class='ocrx_word' id='word_1_214' title='bbox 462 2893 539 2937; x_wconf 81' lang='lat' dir='ltr'>nom.</span> <span class='ocrx_word' id='word_1_215' title='bbox 566 2875 633 2952; x_wconf 86' lang='lat' dir='ltr'>Vp.</span> <span class='ocrx_word' id='word_1_216' title='bbox 653 2873 722 2937; x_wconf 83' lang='lat'>590</span> <span class='ocrx_word' id='word_1_217' title='bbox 740 2878 778 2937; x_wconf 89' lang='lat' dir='ltr'>K.</span> <span class='ocrx_word' id='word_1_218' title='bbox 817 2874 962 2937; x_wconf 86' lang='lat' dir='ltr'>Salientes</span> <span class='ocrx_word' id='word_1_219' title='bbox 995 2893 1138 2955; x_wconf 88' lang='lat' dir='ltr'>aquarum</span> 
     </span>
     <span class='ocr_line' id='line_1_29' title="bbox 125 2958 1049 3046; baseline 0 -22"><span class='ocrx_word' id='word_1_220' title='bbox 125 2966 245 3044; x_wconf 78' lang='lat' dir='ltr'>generis</span> <span class='ocrx_word' id='word_1_221' title='bbox 267 2964 436 3044; x_wconf 88' lang='lat' dir='ltr'>masculini,</span> <span class='ocrx_word' id='word_1_222' title='bbox 459 2973 495 3026; x_wconf 90' lang='lat' dir='ltr'>ut</span> <span class='ocrx_word' id='word_1_223' title='bbox 517 2963 634 3029; x_wconf 84' lang='lat' dir='ltr'>Caelius</span> <span class='ocrx_word' id='word_1_224' title='bbox 658 2958 851 3046; x_wconf 69' lang='lat' dir='ltr'>‘perpetuum</span> <span class='ocrx_word' id='word_1_225' title='bbox 875 2959 1049 3028; x_wconf 85' lang='lat' dir='ltr'>salientem&#39;.</span> 
     </span>
    </p>
   </div>
   <div class='ocr_carea' id='block_1_14' title="bbox 124 3065 1181 3241">
    <p class='ocr_par' dir='ltr' id='par_1_15' title="bbox 124 3065 1181 3241">
     <span class='ocr_line' id='line_1_30' title="bbox 213 3065 1140 3154; baseline -0.005 -21"><span class='ocrx_word' id='word_1_226' title='bbox 213 3065 273 3134; x_wconf 75' lang='lat'>62.</span> <span class='ocrx_word' id='word_1_227' title='bbox 301 3073 454 3154; x_wconf 80' lang='lat' dir='ltr'>Priscian.</span> <span class='ocrx_word' id='word_1_228' title='bbox 485 3072 568 3134; x_wconf 88' lang='lat' dir='ltr'><em>VIII</em></span> <span class='ocrx_word' id='word_1_229' title='bbox 582 3091 613 3149; x_wconf 89' lang='lat' dir='ltr'>p.</span> <span class='ocrx_word' id='word_1_230' title='bbox 632 3071 699 3134; x_wconf 82' lang='grc'>386</span> <span class='ocrx_word' id='word_1_231' title='bbox 717 3072 753 3136; x_wconf 82' lang='lat' dir='ltr'>II.</span> <span class='ocrx_word' id='word_1_232' title='bbox 792 3069 903 3131; x_wconf 90' lang='lat' dir='ltr'>Lucius</span> <span class='ocrx_word' id='word_1_233' title='bbox 927 3067 1056 3130; x_wconf 84' lang='lat' dir='ltr'>Caelius:</span> <span class='ocrx_word' id='word_1_234' title='bbox 1084 3065 1140 3130; x_wconf 93' lang='lat' dir='ltr'>Vbi</span> 
     </span>
     <span class='ocr_line' id='line_1_31' title="bbox 124 3159 1181 3241; baseline -0.001 -21"><span class='ocrx_word' id='word_1_235' title='bbox 124 3167 246 3222; x_wconf 85' lang='lat' dir='ltr'>senatus</span> <span class='ocrx_word' id='word_1_236' title='bbox 268 3160 414 3222; x_wconf 84' lang='lat' dir='ltr'>intellexit</span> <span class='ocrx_word' id='word_1_237' title='bbox 436 3159 579 3240; x_wconf 86' lang='lat' dir='ltr'>populum</span> <span class='ocrx_word' id='word_1_238' title='bbox 603 3159 782 3241; x_wconf 87' lang='lat' dir='ltr'>depeculari.</span> <span class='ocrx_word' id='word_1_239' title='bbox 1153 3171 1181 3212; x_wconf 78' lang='lat'>³0</span> 
     </span>
    </p>
   </div>
   <div class='ocr_carea' id='block_1_15' title="bbox 124 3247 1140 3703">
    <p class='ocr_par' dir='ltr' id='par_1_16' title="bbox 124 3247 1140 3703">
     <span class='ocr_line' id='line_1_32' title="bbox 213 3247 1139 3343; baseline -0.002 -16"><span class='ocrx_word' id='word_1_240' title='bbox 213 3261 272 3330; x_wconf 87' lang='lat' dir='ltr'>oa.</span> <span class='ocrx_word' id='word_1_241' title='bbox 297 3267 396 3328; x_wconf 70' lang='lat' dir='ltr'>saeos.</span> <span class='ocrx_word' id='word_1_242' title='bbox 410 3268 516 3329; x_wconf 71' lang='lat' dir='ltr'>Veron.</span> <span class='ocrx_word' id='word_1_243' title='bbox 528 3267 753 3343; x_wconf 58' lang='lat' dir='ltr'>seraranan.</span> <span class='ocrx_word' id='word_1_244' title='bbox 771 3265 866 3326; x_wconf 72' lang='lat' dir='ltr'>raet</span> <span class='ocrx_word' id='word_1_245' title='bbox 876 3284 907 3342; x_wconf 73' lang='lat' dir='ltr'>p.</span> <span class='ocrx_word' id='word_1_246' title='bbox 919 3264 1009 3326; x_wconf 73' lang='lat' dir='ltr'>aar.</span> <span class='ocrx_word' id='word_1_247' title='bbox 1024 3247 1139 3325; x_wconf 55' lang='lat' dir='ltr'>baffi</span> 
     </span>
     <span class='ocr_line' id='line_1_33' title="bbox 124 3351 1139 3433; baseline -0.003 -17"><span class='ocrx_word' id='word_1_248' title='bbox 124 3357 185 3416; x_wconf 87' lang='lat' dir='ltr'>tius</span> <span class='ocrx_word' id='word_1_249' title='bbox 207 3358 239 3416; x_wconf 95' lang='lat' dir='ltr'>in</span> <span class='ocrx_word' id='word_1_250' title='bbox 262 3355 289 3416; x_wconf 94' lang='lat' dir='ltr'>ll</span> <span class='ocrx_word' id='word_1_251' title='bbox 312 3351 384 3416; x_wconf 75' lang='lat' dir='ltr'>‘lom</span> <span class='ocrx_word' id='word_1_252' title='bbox 408 3356 463 3417; x_wconf 90' lang='lat' dir='ltr'>tibi</span> <span class='ocrx_word' id='word_1_253' title='bbox 485 3355 656 3417; x_wconf 84' lang='lat' dir='ltr'>barbaricae</span> <span class='ocrx_word' id='word_1_254' title='bbox 680 3362 781 3417; x_wconf 85' lang='lat' dir='ltr'>uestes</span> <span class='ocrx_word' id='word_1_255' title='bbox 800 3353 1003 3433; x_wconf 79' lang='lat' dir='ltr'>Meliboeaque</span> <span class='ocrx_word' id='word_1_256' title='bbox 1024 3353 1139 3432; x_wconf 78' lang='lat' dir='ltr'>fulgens</span> 
     </span>
     <span class='ocr_line' id='line_1_34' title="bbox 124 3440 1138 3524; baseline -0.003 -19"><span class='ocrx_word' id='word_1_257' title='bbox 124 3440 280 3524; x_wconf 86' lang='lat' dir='ltr'>purpura’.</span> <span class='ocrx_word' id='word_1_258' title='bbox 320 3444 452 3507; x_wconf 77' lang='lat' dir='ltr'>(laeliusa</span> <span class='ocrx_word' id='word_1_259' title='bbox 475 3445 560 3506; x_wconf 87' lang='lat' dir='ltr'>llean</span> <span class='ocrx_word' id='word_1_260' title='bbox 580 3492 586 3505; x_wconf 92' lang='lat'>.</span> <span class='ocrx_word' id='word_1_261' title='bbox 603 3491 631 3506; x_wconf 90' lang='lat'>..</span> <span class='ocrx_word' id='word_1_262' title='bbox 655 3443 766 3506; x_wconf 82' lang='lat' dir='ltr'>lactum</span> <span class='ocrx_word' id='word_1_263' title='bbox 790 3443 934 3504; x_wconf 92' lang='lat' dir='ltr'>meandro</span> <span class='ocrx_word' id='word_1_264' title='bbox 956 3441 1138 3522; x_wconf 84' lang='lat' dir='ltr'>duplici...</span> 
     </span>
     <span class='ocr_line' id='line_1_35' title="bbox 124 3531 1140 3614; baseline -0.003 -20"><span class='ocrx_word' id='word_1_265' title='bbox 124 3532 190 3594; x_wconf 91' lang='lat' dir='ltr'>lana</span> <span class='ocrx_word' id='word_1_266' title='bbox 214 3542 260 3595; x_wconf 90' lang='lat' dir='ltr'>est</span> <span class='ocrx_word' id='word_1_267' title='bbox 284 3534 379 3614; x_wconf 90' lang='lat' dir='ltr'>qualis</span> <span class='ocrx_word' id='word_1_268' title='bbox 403 3553 418 3594; x_wconf 94' lang='lat' dir='ltr'>a</span> <span class='ocrx_word' id='word_1_269' title='bbox 442 3533 567 3595; x_wconf 88' lang='lat' dir='ltr'>Melibea</span> <span class='ocrx_word' id='word_1_270' title='bbox 657 3542 691 3595; x_wconf 90' lang='lat' dir='ltr'>ut</span> <span class='ocrx_word' id='word_1_271' title='bbox 713 3531 815 3594; x_wconf 90' lang='lat' dir='ltr'>uelum</span> <span class='ocrx_word' id='word_1_272' title='bbox 834 3580 841 3593; x_wconf 90' lang='lat'><strong>.</strong></span> <span class='ocrx_word' id='word_1_273' title='bbox 857 3577 862 3592; x_wconf 92' lang='lat'>.</span> <span class='ocrx_word' id='word_1_274' title='bbox 879 3579 885 3592; x_wconf 91' lang='lat'><strong>.</strong></span> <span class='ocrx_word' id='word_1_275' title='bbox 905 3534 948 3593; x_wconf 86' lang='lat' dir='ltr'>sic</span> <span class='ocrx_word' id='word_1_276' title='bbox 972 3531 1047 3592; x_wconf 89' lang='lat' dir='ltr'>alius</span> <span class='ocrx_word' id='word_1_277' title='bbox 1071 3549 1140 3592; x_wconf 87' lang='lat' dir='ltr'>eum</span> 
     </span>
     <span class='ocr_line' id='line_1_36' title="bbox 125 3622 809 3703; baseline -0.001 -21"><span class='ocrx_word' id='word_1_278' title='bbox 125 3629 288 3703; x_wconf 88' lang='lat' dir='ltr'>errantem,</span> <span class='ocrx_word' id='word_1_279' title='bbox 312 3622 389 3684; x_wconf 90' lang='lat' dir='ltr'>alius</span> <span class='ocrx_word' id='word_1_280' title='bbox 411 3623 563 3684; x_wconf 83' lang='lat' dir='ltr'>ludentem</span> <span class='ocrx_word' id='word_1_281' title='bbox 586 3623 659 3685; x_wconf 86' lang='lat' dir='ltr'>dicit</span> <span class='ocrx_word' id='word_1_282' title='bbox 682 3631 712 3684; x_wconf 87' lang='lat' dir='ltr'>et</span> <span class='ocrx_word' id='word_1_283' title='bbox 736 3641 763 3702; x_wconf 94' lang='lat' dir='ltr'>q.</span> <span class='ocrx_word' id='word_1_284' title='bbox 787 3639 809 3682; x_wconf 89' lang='lat' dir='ltr'>s.</span> 
     </span>
    </p>
   </div>
   <div class='ocr_carea' id='block_1_16' title="bbox 0 0 1342 4058">
    <p class='ocr_par' dir='ltr' id='par_1_17' title="bbox 0 0 1342 4058">
     <span class='ocr_line' id='line_1_37' title="bbox 0 0 1342 4058; baseline 0 0"><span class='ocrx_word' id='word_1_285' title='bbox 0 0 1342 4058; x_wconf 95' lang='lat' dir='ltr'> </span> 
     </span>
    </p>
   </div>
  </div>
 </body>
</html>
