2670 4058
452 227 681 284 nundinatius
700 233 814 284 42-45.
1076 230 1142 296 163

124 397 183 459 que
206 380 237 440 in
266 379 328 440 suis
347 395 493 460 ‚quaeque
521 377 647 440 urbibus
674 380 813 458 agrisque
842 381 1026 459 conquisitos
1053 379 1142 442 redu-

72 517 74 524 Α
124 476 229 531 cenent
247 475 278 528 et
300 467 412 546 legatos
431 469 585 528 mitterent
604 467 642 528 ad
661 486 703 549 se,
722 482 791 530 cum
809 467 919 547 quibus
937 468 974 530 de
994 467 1086 530 rebus
1104 470 1141 530 ad

123 556 277 620 Cretensis
304 558 418 638 pariter
440 555 649 636 Romanosque
671 556 893 636 pertinentibus
918 565 1029 638 ageret.
1066 557 1142 619 nihil

123 664 303 727 magnopere
327 665 362 708 ea
385 645 543 707 Cretenses
565 653 734 708 mouerunt.
767 649 902 726 captiuos
924 655 1045 727 praeter
1068 647 1140 708 Gor-

123 737 222 817 tynios
241 734 315 796 nulli
333 734 537 797 reddiderunt.
570 734 705 797 Valerius
723 736 826 797 Antias
844 736 881 797 ad
900 744 1042 816 quattuor
1059 736 1168 800 milies

123 827 321 906 captiuorum,
344 826 415 904 quia
437 823 508 886 belli
526 825 622 886 minas
641 826 805 907 timuerint,
824 843 860 885 ex
879 833 941 886 tota
959 824 1057 887 insula
1074 825 1141 887 red·

123 912 186 977 dita
205 916 334 994 scripsit,
353 931 477 993 eamque
496 931 616 975 causam
634 913 734 996 Fabio,
754 931 823 976 oum
840 932 905 975 rem
924 914 1035 976 nullam
1053 914 1140 977 aliam

123 1005 275 1084 gessisset,
298 1003 411 1065 naualis
434 1003 580 1082 triumphi
602 1002 781 1082 impetrandi
804 1002 840 1064 ab
865 1012 970 1065 senatu
994 1004 1095 1065 luisse.
1152 1040 1203 1091 189

213 1101 272 1173 44.
302 1110 370 1171 Liu.
393 1108 579 1170 XXXVIII
597 1109 698 1185 aaa
732 1109 882 1172 Numerus
913 1109 1204 1182 interfectorumiffs

124 1197 297 1278 [Gallorum
320 1201 352 1260 io
376 1199 501 1277 Olympo
523 1206 622 1262 monte
645 1217 665 1260 α
688 1201 739 1261 On.
759 1191 877 1262 Manlio
898 1197 1034 1278 consule]
1059 1198 1137 1260 haud
1154 1226 1181 1266 no

123 1287 209 1349 facile
232 1289 303 1348 iniri
325 1289 432 1370 potuit,
456 1288 525 1367 quia
549 1287 606 1349 late
624 1307 688 1369 per·
700 1291 795 1351 omnis
814 1289 974 1350 amfractus
993 1289 1139 1350 montium

123 1378 252 1457 fugaque
276 1384 306 1438 et
329 1372 435 1438 caedes
457 1376 528 1458 luit,
556 1384 586 1438 et
613 1395 718 1456 magna
746 1396 815 1458 pars
838 1376 965 1457 rupibus
993 1379 1084 1439 inuiis
1107 1379 1139 1437 in

123 1465 288 1546 profundae
311 1465 476 1528 altitudinis
500 1465 651 1528 conualles
674 1466 792 1547 delapsa
816 1475 874 1548 est,
902 1483 972 1547 pars
1000 1469 1031 1527 in
1055 1465 1139 1528 siluis

123 1554 328 1634 uepribusque
346 1556 453 1617 occisa.
477 1554 626 1637 Claudius,
646 1558 698 1635 qui
717 1556 763 1618 bis
781 1563 946 1637 pugnatum
963 1557 995 1616 in
1015 1555 1139 1636 Olympo

123 1651 224 1706 monte
255 1643 360 1705 scribit
392 1643 449 1722 [sa.
471 1644 544 1725 66],
577 1645 612 1704 ad
646 1645 840 1726 quadraginta
872 1645 953 1706 milia
985 1645 1138 1706 hominum
1154 1671 1181 1714 15

123 1742 228 1796 auctor
251 1740 297 1795 est
320 1751 419 1816 caesa3
442 1733 576 1794 Valerius
595 1733 706 1815 Antias,
726 1737 779 1814 qui
797 1736 889 1814 magis
912 1735 1090 1796 immodicus
1108 1737 1139 1794 in

124 1840 249 1884 numero
264 1821 400 1902 augendo
415 1840 481 1884 esse
500 1821 585 1904 solet,
599 1831 659 1884 non
678 1823 746 1904 plns
760 1824 865 1884 decem
883 1823 972 1884 milia.
996 1840 1139 1885 numerus

124 1913 312 1992 captiuorum
340 1910 419 1972 haud
446 1911 537 1972 dubie
564 1910 645 1973 milia
674 1912 868 1992 qnadraginta
896 1911 1041 1993 expleuit,
1070 1914 1138 1992 quia
1243 1926 1247 1935 ·

124 2003 221 2063 omnis
236 2002 355 2080 generis
370 2003 534 2080 aetatisque
549 1999 667 2062 turbam
687 2019 789 2062 secum
803 2007 955 2062 traxerant
973 2001 1139 2081 demigran-

123 2092 199 2152 tium
221 2092 315 2170 magis
339 2107 427 2170 quam
450 2091 482 2150 in
504 2089 614 2150 bellum
638 2097 711 2152 eunt
712 2092 775 2152 ium
798 2090 894 2152 modo.
1153 2119 1180 2159 eo

213 2181 273 2250 45
296 2188 364 2250 Liu.
379 2188 479 2250 XXX
483 2189 565 2249 VIII
574 2189 628 2271 50
643 2190 763 2271 4-55,
780 2189 808 2250 7.
824 2189 959 2250 58-60
982 2183 1202 2269 oppress1t18⁷

123 2277 232 2339 deinde
245 2279 427 2340 mentionem
443 2279 675 2358 memoriamque
695 2297 813 2340 omnem
832 2280 1030 2340 contentionis
1048 2278 1138 2340 huius
1149 2272 1201 2323 5⁶⁷

123 2369 219 2428 maius
243 2372 273 2428 et
296 2384 364 2427 oum
389 2369 499 2427 maiore
523 2374 553 2427 et
576 2365 701 2428 clariore
721 2369 787 2428 niro
807 2376 957 2429 certamen
977 2376 1084 2430 ortum.
1107 2367 1139 2428 P

124 2455 258 2537 Scipioni
280 2455 432 2537 Alricano,
455 2464 490 2517 ut
511 2455 647 2519 Valerius
670 2456 774 2518 Antias
802 2463 906 2519 auctor
935 2465 993 2539 est,
1021 2457 1080 2519 duo
1105 2457 1138 2528 Q.

122 2542 232 2606 Petillii
255 2544 334 2606 diem
357 2545 506 2607 dixerunt.
536 2544 580 2627 id,
602 2553 694 2624 prout
717 2547 862 2625 cuiusque
885 2547 1038 2624 ingenium
1066 2553 1138 2627 erat,
1153 2565 1179 2605 ss

122 2632 405 2713 interpretabantur.
438 2633 488 2694 alii
511 2651 569 2695 non
594 2633 731 2696 tribunos
753 2633 864 2716 plebis,
890 2633 941 2695 sed
966 2637 1138 2696 uniuersam

123 2725 290 2805 ciuitatem,
313 2741 388 2802 quae
412 2722 442 2783 id
467 2725 527 2803 pati
550 2732 664 2805 posset,
687 2722 876 2784 incusabant:
899 2723 973 2784 duas
996 2725 1138 2784 maximas

122 2811 204 2873 orbis
228 2819 377 2874 terrarum
400 2812 490 2874 urbes
514 2813 644 2890 ingratas
665 2831 724 2873 uno
742 2829 835 2892 prope
854 2819 988 2891 tempore
1008 2813 1039 2873 in
1057 2813 1138 2891 prin·

122 2902 205 2981 cipes
227 2903 379 2982 inuentos,
402 2899 524 2962 Romam
548 2901 754 2982 ingratiorem,
779 2902 805 2962 si
828 2901 948 2980 quidem
972 2902 1051 2961 uicta
1070 2897 1138 2960 Car·

122 2991 211 3069 thago
241 2992 356 3051 uictum
383 2988 577 3051 Hannibalem
609 2992 640 3051 in
674 2989 811 3051 exsilium
843 2989 1018 3071 expulisset,
1046 2988 1137 3050 Roma
1152 3011 1179 3052 eo

121 3080 231 3140 uictrix
255 3081 402 3142 uictorem
425 3079 595 3140 Africanum
619 3079 753 3159 expellat.
791 3078 841 3139 alii
868 3081 1017 3139 neminem
1044 3096 1138 3139 unum

121 3169 220 3229 ciuem
243 3176 359 3230 tantum
382 3171 513 3229 eminere
537 3167 659 3247 debere,
683 3177 716 3230 ut
738 3167 854 3248 legibus
876 3169 1056 3247 interrogari
1079 3185 1138 3228 non

121 3259 231 3340 possit3
256 3256 330 3318 nihil
354 3265 413 3318 tarn
438 3258 607 3337 aequandae
631 3257 777 3318 libertatis
800 3275 866 3318 esse
888 3275 976 3337 quam
995 3257 1138 3336 potentis·

122 3349 231 3409 simum
260 3364 409 3427 quemque
437 3364 525 3426 posse
553 3347 653 3408 dicere
681 3365 809 3408 causam.
846 3345 917 3426 quid
946 3356 1044 3407 autem
1073 3352 1138 3407 tuto

121 3437 270 3518 cuiquam,
294 3435 403 3496 nedum
424 3453 569 3498 summam
589 3434 829 3516 rempublicam,
852 3437 994 3515 permitti,
1018 3437 1043 3496 si
1063 3436 1137 3496 ratio
1152 3453 1180 3496 ss

121 3543 182 3586 non
202 3527 242 3586 sit
260 3521 433 3585 reddenda?
456 3527 509 3604 qui
527 3525 574 3585 ius
593 3543 721 3605 aequum
740 3525 801 3603 pati
819 3541 879 3584 non
898 3525 1001 3605 possit,
1020 3525 1051 3585 in
1071 3542 1138 3584 eorm

121 3615 186 3675 uim
208 3613 288 3675 haud
317 3615 456 3674 iniustam
480 3632 554 3675 esse.
591 3613 664 3675 haec
688 3615 796 3692 agitata
819 3612 1020 3694 sermonibus,
1044 3612 1138 3674 donec

925 3713 978 3768 11*
