2620 4054
185 268 250 335 1362
509 267 538 324 Ο.
557 269 670 325 ASINII
688 267 879 326 POLLIOTIS

184 427 249 481 tum
281 421 415 499 triginta,
448 417 601 499 complura
624 428 654 481 et
682 420 765 481 cultu
793 419 960 499 magnilica,
989 417 1131 498 operibus
1161 419 1200 479 iis

183 511 268 588 signa
290 515 425 570 trecenta
448 525 534 570 aerea
557 517 608 571 aut
635 522 801 570 marmorea
823 507 969 589 inposuit,
988 507 1140 569 columnas
1163 525 1200 568 ex

184 616 332 659 marmore
357 596 597 679 quadringentas,
621 615 714 678 eaque
738 600 835 660 omnia
860 615 957 660 annuo
977 599 1081 676 spatio.
1110 597 1200 657 adicit

184 688 248 766 ipse
273 686 430 748 aedilitatis
450 705 520 748 suae
543 690 814 749 conmemoratione
834 695 863 748 et
879 687 964 748 ludos
982 685 1088 768 dicbus
1107 686 1200 747 unde-

185 777 336 856 sexaginta
354 776 447 838 factos
462 784 492 837 et
506 778 634 856 gratuita
652 777 786 856 praebiti
807 775 922 838 balinea
942 783 1062 837 centum
1082 782 1230 853 septus-⁵

184 867 274 945 ginta,
297 883 373 945 quae
397 883 475 926 nunc
499 865 609 927 Romae
633 865 669 926 ad
687 866 837 928 inlinitum
860 883 969 927 auxere
988 882 1153 925 numerum.

443 1100 486 1187 O.
520 1097 723 1188 ASINIVS
756 1101 944 1187 POLLIO

218 1251 312 1320 (nulus
331 1267 355 1306 a.
372 1255 413 1306 lt.
429 1255 481 1306 670
496 1249 555 1319 (uel
567 1249 678 1319 ideoq),
697 1265 753 1305 cos.
768 1255 812 1307 40.
824 1256 885 1320 tit,
904 1252 1029 1306 mortuus
1051 1257 1074 1304 t.
1091 1253 1162 1317 758.)

396 1363 624 1421 TESTIMONIA
642 1360 691 1421 DE
709 1363 792 1419 EIVS
812 1359 986 1422 HISTORIA

151 1471 184 1540 l.
209 1479 293 1540 seed.
308 1498 331 1541 s,
346 1499 376 1544 at.
390 1479 519 1540 Πωλίων
533 1480 572 1539 II
582 1478 603 1539 2
612 1498 644 1556 p.
658 1479 727 1541 387
740 1479 796 1540 Blt.
819 1477 895 1560 Περὶ
912 1483 964 1542 τοῦ
983 1477 1130 1559 ἐμφυλίου
1148 1482 1201 1559 τῆς

179 1564 293 1656 Ῥώμης
319 1575 464 1658 πολέμου,
486 1571 523 1640 ὃν
546 1574 730 1656 ἐπολέμησαν
757 1572 875 1658 Καῖσάρ
901 1599 931 1640 τε
959 1575 1010 1638 καὶ
1032 1571 1201 1658 Πομπήιος.

184 1673 246 1752 [11
259 1693 293 1751 p.
310 1674 377 1736 786
396 1669 523 1750 Ἀσίνιος
547 1675 690 1753 fleotimo,
708 1668 860 1756 Ῥωμαῖος.
889 1674 1017 1754 ἱστορίας
1035 1669 1200 1754 Ῥωμαϊκὰς
1227 1755 1230 1761 Ι

183 1769 339 1846 συνέταξεν
362 1770 395 1834 ἐν
417 1773 543 1854 βιβλίοις
566 1769 627 1852 ιζ’]
1216 1785 1244 1824 1⁰

148 1862 183 1932 2.
207 1871 315 1932 Horat.
330 1885 425 1932 earm.
436 1865 476 1932 II
484 1873 512 1952 1,
526 1872 545 1932 1
560 1871 633 1949 [scr.
648 1891 677 1933 ο.
691 1871 746 1933 30.
764 1871 829 1932 724
843 1876 895 1934 uel
907 1869 1013 1949 insen]
1033 1870 1146 1931 llotum
1163 1889 1201 1931 ex
1294 1937 1295 1940 Ἴ

180 1949 300 2020 Metelle
324 1960 446 2021 consule
471 1959 513 2039 [a.
535 1960 589 2022 60.
611 1959 691 2038 694]
720 1963 851 2022 ciuicum
878 1959 1008 2040 bellique
1036 1975 1139 2021 causas
1169 1967 1201 2020 et
1294 1941 1295 2016 l

181 2051 254 2110 uitia
287 2056 318 2109 et
350 2049 453 2111 modos
486 2048 649 2130 ludumque
677 2050 814 2112 fortunae
841 2051 1001 2130 granisque
1028 2051 1226 2129 principum·
1293 2061 1294 2105 l

182 2139 326 2200 amicitias
350 2145 380 2199 et
403 2156 482 2200 arma
506 2140 639 2202 nondum
662 2141 788 2219 expiatis
812 2147 901 2200 uncta
925 2139 1097 2219 cruoribus,
1120 2140 1200 2217 peri·
1292 2139 1293 2197 l

181 2227 300 2288 culosae
327 2225 450 2306 plenum
478 2246 553 2307 opus
581 2228 675 2309 aleae,
704 2236 815 2289 tractas
844 2236 874 2289 ct
901 2227 1015 2289 incedis
1038 2246 1093 2306 per
1120 2229 1199 2306 ignis
1216 2238 1243 2278 1⁵

181 2317 352 2394 suppositos
377 2317 472 2376 cineri
495 2315 606 2378 doloso.
629 2317 750 2397 paulum
775 2335 898 2378 seuerae
922 2315 1006 2378 Musa
1029 2315 1199 2396 tragoediae
1290 2351 1291 2377 l

181 2405 258 2465 desit
281 2404 419 2466 theatris:
443 2423 512 2466 mox
535 2405 588 2466 ubi
610 2405 746 2485 publicas
769 2424 819 2467 res
842 2405 990 2467 ordinaris
1014 2412 1044 2466 et
1068 2424 1095 2485 q.
1111 2422 1133 2466 s.
1155 2405 1200 2463 17
1289 2405 1290 2468 l

180 2495 238 2554 iam
257 2511 337 2555 nunc
356 2496 465 2556 minaci
483 2513 637 2556 murmure
656 2512 802 2556 cornuum
820 2496 999 2574 perstringis
1022 2495 1116 2573 auris,
1139 2495 1199 2553 iam

179 2581 248 2643 litui
276 2589 427 2663 strepunt,
457 2585 515 2644 iam
543 2583 642 2663 fulgor
670 2601 821 2644 armorum
849 2584 963 2662 fugacis
987 2591 1081 2644 terret
1104 2600 1198 2661 equos

180 2673 375 2752 equitumque
399 2670 509 2734 uultus.
544 2673 646 2734 audire
666 2691 788 2752 magnos
807 2674 865 2732 iam
889 2672 994 2734 uideor
1017 2671 1117 2750 duces,
1136 2689 1197 2730 non
1214 2683 1245 2723 20

179 2760 321 2822 indecoro
336 2760 461 2841 puluere
472 2761 617 2842 sordidos,
628 2771 658 2822 et
668 2770 776 2822 cuncta
787 2769 936 2822 terrarum
947 2761 1067 2822 subacta
1077 2765 1198 2838 praeter

179 2859 311 2911 atrocem
335 2853 466 2912 animum
489 2850 618 2911 Catonis.

144 2931 178 2997 3.
209 2940 307 3001 Veler.
327 2940 414 3000 Mox.
442 2939 562 3000 lunius
586 2941 674 3000 ctiam
693 2938 802 3020 Pollio,
825 2957 885 3000 non
908 2940 1029 2999 minima
1052 2955 1122 3017 pars
1140 2936 1197 2998 llo·

179 3030 259 3088 mani
278 3027 338 3088 stili
356 3023 412 3104 (fr.
426 3021 469 3111 1).
493 3029 598 3090 Scaea.
618 3031 695 3090 rtet.
714 3045 795 3089 suas.
817 3029 846 3103 6,
861 3029 904 3088 25
919 3021 1005 3111 (post
1019 3026 1061 3104 [ν.
1080 3019 1115 3109 6)
1139 3025 1197 3086 nd·
1272 3091 1278 3104 ,

179 3115 297 3176 firmare
317 3115 404 3177 uobis
422 3133 545 3194 possum
564 3116 639 3176 nihil
658 3135 724 3178 esse
743 3119 775 3177 in
793 3117 928 3178 historiis
947 3118 1012 3177 eius
1031 3115 1088 3176 hoc
1108 3133 1198 3194 quem
1213 3127 1244 3167 ²5

179 3203 269 3265 retuli
287 3205 352 3265 loco
370 3205 528 3284 disertius,
547 3213 580 3266 ut
600 3206 673 3266 mihi
697 3213 769 3266 tuno
788 3223 848 3266 non
867 3204 1003 3266 laudasse
1022 3204 1199 3266 Ciceronem
1280 3267 1281 3270 ,

179 3293 231 3354 sed
255 3301 386 3354 certasse
409 3311 478 3354 cum
501 3293 645 3356 Cicerone
674 3295 820 3356 uideatur.
857 3313 913 3356 nec
940 3293 997 3354 hoc
1026 3292 1199 3354 deterrendi
1278 3307 1280 3373 q

179 3399 268 3443 eausa
296 3381 378 3462 dico,
409 3399 446 3443 ne
476 3383 617 3445 historias
646 3386 712 3444 eius
741 3383 840 3462 legere
868 3384 1100 3462 concupiscatis:
1129 3399 1199 3443 con-

178 3472 324 3548 cupiscite
352 3479 382 3532 et
406 3488 517 3550 poenas
544 3471 682 3534 Ciceroni
710 3471 827 3533 dabitis.
865 3474 911 3534 De
938 3474 1129 3534 orationibus
1157 3471 1199 3547 cf.

183 3559 304 3631 Quintil.
319 3561 354 3620 X
364 3561 392 3638 1,
411 3560 472 3620 113
494 3559 586 3622 Multa
604 3563 636 3621 in
650 3561 752 3622 Asinio
766 3559 899 3622 Pollione
918 3562 1067 3642 inuentio,
1082 3575 1199 3622 summa
1214 3575 1247 3618 so

174 3646 342 3728 diligentia,
363 3648 435 3708 adeo
451 3656 484 3709 ut
500 3649 676 3728 quibusdam
696 3652 785 3710 etiam
799 3652 889 3711 nimia
908 3649 1061 3731 uideatur,
1076 3657 1106 3710 et
1129 3665 1200 3711 con-
