2670 4058
477 221 707 280 FRAGMENTA
726 229 840 280 at-sn
1106 223 1167 288 103
1243 267 1249 282 .

146 383 179 438 et
205 374 334 437 uerbum
361 375 418 437 boc
450 376 578 453 sumpsit
611 371 729 436 Coelius
762 391 798 434 ex
825 374 941 454 origine
969 371 1008 434 M.
1036 372 1166 435 Catonis.

146 464 206 543 [fr.
221 464 275 527 86.
294 483 335 526 ex
355 466 450 526 Gellio
470 464 609 525 Macron.
635 463 656 523 I
672 462 702 540 6,
716 461 784 541 28]

239 558 323 626 26*.
347 564 446 624 Prt'sc
468 562 514 623 VI
518 581 550 640 p.
565 560 628 620 198
641 561 678 620 Η.
702 558 832 621 Caelius:
855 559 959 623 Nullae
980 563 1094 622 nationi
1113 569 1166 642 tot,

147 660 258 732 tantas,
282 659 342 713 tam
367 652 523 712 continuas
546 651 689 711 uictorias
712 656 772 710 tam
796 648 883 710 breui
902 651 998 729 spatio
1017 650 1100 712 datas
1120 669 1165 711 ar-

147 740 244 804 bitror
268 757 357 820 quam
381 739 477 802 uobis.
507 733 563 822 (cs.
577 740 644 802 Lt'u.
659 738 783 800 XXIII
792 733 899 819 11,8.)
1180 752 1193 793 a

239 833 322 901 27*.
350 838 467 898 Charis
483 838 504 897 I
509 856 540 915 p
555 838 600 898 54
614 839 653 899 II.
678 836 830 898 Nucerum
849 838 929 897 enim
943 829 1062 898 Coelius
1080 837 1164 899 dixit

238 929 321 996 28²³.
346 936 414 996 Lite.
424 935 590 1017 XXVIII,
595 936 616 997 8
635 935 706 997 lnde
718 935 751 1013 [a
763 935 832 996 tut
807 936 1148 1010 ttoflumt'neIIaooibal
1136 918 1228 1015 l]2.¹.l

147 1025 184 1086 ad
207 1022 307 1085 lucum
331 1022 475 1084 Feroniae
494 1026 592 1103 pergit
615 1026 672 1105 ire,
694 1023 839 1130 templum
864 1041 898 1083 ea
921 1032 1097 1102 tempestate
1121 1027 1164 1085 in·
1174 1007 1227 1057 ⁵4³

146 1113 262 1176 elutum
284 1112 409 1174 diuitiis.
450 1111 614 1192 Capenates
632 1114 754 1194 aliique,
777 1116 833 1189 qui
849 1111 966 1176 accolae
986 1115 1060 1174 eius
1069 1123 1164 1193 erant,

147 1204 294 1283 primitias
313 1201 433 1280 lingum
451 1217 487 1262 eo
506 1201 642 1282 donaque
661 1203 716 1264 alia
733 1221 788 1282 pro
803 1203 888 1281 copia
902 1209 1056 1281 portantes
1070 1202 1164 1265 multo
1180 1217 1205 1257 10

145 1310 221 1354 auro
234 1297 419 1370 argentoque
433 1289 464 1350 id
478 1298 655 1353 exornatum
670 1290 827 1352 habebant
864 1292 901 1352 iis
920 1289 1059 1352 omnibus
1078 1291 1164 1354 donis

146 1389 211 1442 tum
235 1379 394 1459 spoliatum
415 1379 569 1458 templum.
610 1382 688 1443 aeris
707 1382 819 1460 acervi,
839 1397 907 1442 eum
926 1379 1035 1442 rudera
1053 1380 1163 1442 milites

146 1468 291 1548 religione
319 1468 436 1530 inducti
471 1470 615 1550 iacerent,
648 1476 716 1548 post
747 1469 963 1549 prosectionem
991 1467 1164 1534 Hannibalis

147 1560 247 1638 magni
274 1559 395 1618 inventi.
441 1556 532 1618 buius
559 1557 711 1637 populatio
739 1557 842 1637 templi
869 1557 949 1620 baud
972 1557 1062 1622 dubia
1085 1560 1164 1620 inter

145 1649 310 1726 scriptores
329 1654 384 1708 est.
421 1645 540 1708 Coelius
556 1645 679 1711 Romam
698 1653 819 1709 euntem
837 1646 874 1710 ab
888 1645 979 1707 Ereto
999 1646 1163 1708 devertisse
1179 1660 1204 1702 rs

146 1755 183 1797 eo
207 1734 402 1798 Hannibalem
425 1734 529 1815 tradit,
550 1737 667 1815 iterque
688 1738 753 1798 eius
772 1735 808 1797 ab
827 1735 918 1797 Reate
938 1735 1114 1817 Cutiliisque
1135 1745 1164 1798 et

145 1825 184 1886 ab
207 1824 360 1886 Amiterno
384 1823 514 1886 orditur:
542 1843 578 1885 ex
602 1824 762 1906 Campania
789 1827 821 1886 in
845 1824 1011 1905 Samnium,
1040 1825 1109 1887 inde
1133 1828 1164 1888 iu

145 1913 303 1994 Paelignos
330 1915 520 1994 peruenisse,
551 1920 731 1993 praeterque
761 1912 903 1993 oppidum
932 1912 1104 1976 Sulmonem
1132 1917 1162 1976 in

146 1999 333 2064 Marrucinos
364 2003 520 2082 transisse,
547 2002 616 2064 inde
643 2002 768 2064 Albensi
794 2020 864 2082 agro
888 2003 919 2064 in
943 2001 1069 2084 Marsos,
1092 2003 1163 2064 hinc

146 2091 334 2154 Amiternum
357 2089 544 2170 Forulosque
568 2093 669 2154 tticum
692 2093 821 2154 uenisse.
1180 2107 1206 2148 ιο

526 2241 580 2298 EX
605 2241 732 2332 alneto
752 2239 791 2297 III

238 2351 322 2418 29²².
346 2357 414 2418 Ltu.
429 2357 563 2419 XXVII
573 2355 627 2431 27,
642 2357 680 2416 11
712 2354 793 2418 Mors
811 2355 943 2418 Marcelli
961 2375 1030 2418 cum
1054 2322 1228 2462 alioqui—

147 2444 327 2507 miserabilis
346 2446 415 2524 luit,
434 2454 498 2508 tum
518 2445 598 2525 quod
617 2464 672 2508 nec
690 2463 746 2524 pro
763 2452 858 2510 aetate
879 2437 953 2528 (iam
971 2448 1052 2508 enim
1069 2413 1191 2510 maior⁶

146 2536 301 2614 sexaginta
328 2537 414 2596 anuis
442 2529 520 2617 erat)
548 2552 646 2613 neque
674 2552 728 2613 pro
757 2535 869 2596 ueteris
896 2533 1056 2613 prudentia
1079 2537 1164 2597 ducis

147 2633 210 2686 tam
233 2621 388 2702 inprovide
413 2642 445 2684 se
468 2623 681 2703 conlegamque
705 2630 735 2684 et
757 2641 850 2704 prope
878 2629 971 2684 totam
994 2642 1058 2684 rem
1081 2643 1110 2704 p.
1134 2627 1165 2686 in

148 2731 292 2794 praeceps
312 2711 442 2774 dederat.
479 2711 588 2774 Multos
605 2713 685 2774 circa
699 2729 788 2774 unam
803 2730 867 2774 rem
887 2710 1015 2774 ambitus
1034 2711 1207 2796 fecerimus

148 2803 188 2883 si,
212 2819 288 2881 quae
312 2801 349 2862 de
367 2798 499 2864 Marcelli
518 2809 613 2862 morte
633 2802 751 2861 uariant
770 2807 921 2881 auctores,
940 2803 1038 2862 omnia
1058 2803 1167 2884 exequi

148 2890 248 2952 uelim.
272 2897 305 2951 ut
320 2891 455 2951 omittam
468 2887 550 2970 alios,
566 2889 683 2952 Coelius
693 2889 842 2970 triplicem
855 2897 956 2972 gestae
971 2892 1017 2951 rei
1030 2891 1166 2954 ordinem

148 2980 225 3041 edit:
243 2997 335 3040 unam
352 2979 492 3040 traditam
510 2978 599 3062 lama,
619 2977 741 3040 alteram
761 2980 902 3057 scriptam
921 2975 1089 3041 laudatione
1104 2979 1166 3061 filii,
1190 3003 1192 3008 ·

146 3071 202 3150 qui
220 3070 265 3130 rei
283 3075 384 3147 gestae
403 3067 588 3150 interfuerit,
606 3069 738 3147 tertiam,
759 3086 848 3148 quam
866 3068 930 3146 ipse
950 3086 1004 3147 pro
1024 3069 1166 3149 inquisita

147 3175 183 3219 ae
208 3156 266 3219 sibi
285 3165 426 3236 conperta
446 3156 550 3218 adfert.
584 3165 717 3218 ceterum
736 3158 776 3216 ita
795 3157 870 3217 lama
891 3159 994 3236 uariat,
1014 3165 1048 3218 nt
1065 3165 1165 3219 tamen
1179 3175 1206 3215 so

148 3246 285 3326 plerique
315 3245 373 3306 loci
403 3245 576 3326 speculandi
605 3263 694 3307 causa
729 3247 835 3306 castris
865 3261 1032 3326 egressum,
1063 3265 1166 3309 omnes

149 3331 268 3398 insidiis
291 3335 532 3396 circumuentum
554 3335 680 3396 tradant.

240 3424 299 3494 80.
324 3431 399 3492 Non.
413 3451 436 3493 s.
451 3449 480 3493 ιι.
495 3433 655 3493 dnbttctim
665 3451 697 3510 p.
708 3430 750 3493 98
768 3432 885 3494 Caelius
904 3432 1003 3494 annali
1021 3430 1098 3495 libro
1113 3433 1165 3498 lll:

148 3520 314 3600 Imperator
333 3518 498 3582 conclamat
516 3520 553 3581 de
571 3520 682 3603 medio,
701 3527 736 3583 ut
754 3520 862 3583 uelites
880 3524 910 3583 in
930 3523 1051 3584 sinistro
1071 3542 1166 3585 cornu

148 3616 376 3689 remoueantur,
400 3608 491 3671 Gallis
514 3627 574 3670 nou
598 3609 755 3672 dubitatlm
778 3611 975 3672 inmittentur.
1180 3633 1207 3676 aa
