2620 4054
163 257 345 315 cnavnrvs
364 257 505 316 renero.
533 257 686 315 rouenu
703 257 874 315 renunes
898 257 998 317 near.
1010 267 1035 316 1.
1055 259 1119 327 321

103 407 233 469 hominis
256 406 458 487 prdcherrimo
485 414 516 469 et
544 410 672 470 maximo
700 415 730 468 et
757 411 789 469 in
817 426 932 470 summa
959 411 1122 472 seueritate

104 496 277 559 dulcissimo
293 495 342 557 nel
359 496 514 558 honestate
532 499 684 558 materiae.
707 495 813 559 scribit
832 499 931 559 exitus
948 497 1123 564 inlustrium

104 587 250 667 uirorum,
264 587 295 646 in
313 584 361 646 his
380 584 568 664 quorundam
586 585 660 647 mihi
677 587 909 648 carissimorum.
928 588 1036 649 uideor
1049 605 1122 667 ergo

105 675 190 754 fungi
208 677 257 754 pio
276 691 401 736 munere
416 691 603 755 quorumque
622 677 763 755 exequias
777 674 929 737 celebrare
948 694 1009 737 non
1027 676 1122 757 licuit,

104 763 214 826 borum
237 765 323 846 quasi
350 762 527 828 funebribus
554 762 788 845 laudationibus,
816 766 892 825 seris
920 766 1041 847 qnidam
1069 766 1151 831 seda

104 859 187 914 tanto
210 855 304 932 magis
327 853 409 914 neris
432 853 587 916 interesse.
627 853 679 916 Aa
699 856 827 916 eundem
851 855 970 916 Plinius
993 873 1039 934 ep.
1060 854 1124 916 Va

104 945 236 1021 scripsit,
259 944 343 1020 quod
363 948 398 1003 ut
418 944 577 1006 buteriam
599 943 759 1017 scriberet,
780 950 933 1005 suaserat.

378 1148 634 1237 dentulus
666 1150 853 1237 POLLIO

485 1297 740 1356 reseruemur

71 1421 104 1490 1,
129 1413 207 1473 Plio.
222 1429 267 1488 ep.
282 1411 344 1472 VII
353 1411 395 1472 31
410 1410 484 1490 [scr.
495 1431 523 1473 α.
533 1412 610 1475 107.
623 1412 694 1474 860
708 1416 752 1476 nd
768 1415 799 1476 C.
814 1415 927 1476 Iulium
945 1411 1123 1492 Cornutum]

106 1500 248 1562 Claudius
257 1498 350 1561 Pollio
360 1502 453 1562 amari
462 1519 479 1561 a
488 1507 518 1562 te
527 1503 611 1581 cupit
620 1521 675 1584 -3
690 1509 826 1580 praeerat
841 1502 902 1564 alae
917 1501 1060 1564 miliarias
1071 1535 1124 1584 -,

105 1595 208 1668 postea
223 1597 378 1669 promotus
396 1589 433 1651 ad
447 1589 644 1670 amplissimas
658 1594 894 1673 procurationes,
909 1624 945 1636 -·
962 1611 978 1653 a
995 1589 1165 1655 Corelliono

106 1685 210 1739 nostro
233 1696 269 1740 er
292 1678 470 1741 liberalitate
483 1681 681 1758 ¹imperatoris
699 1679 816 1743 Neruae
835 1680 971 1743 emendis
989 1680 1125 1742 diuiden-

106 1765 212 1845 disque
237 1769 316 1846 agris
339 1767 458 1829 adiutor
475 1768 659 1848 adsumptus.
678 1799 715 1814 -
734 1769 814 1831 idem
833 1789 921 1849 qnam
940 1779 1125 1849 reuerenter,
1184 1783 1188 1792 ·

107 1873 197 1934 qnam
219 1854 347 1916 fideliter
370 1857 481 1917 amicos
504 1856 590 1931 colat,
603 1855 767 1918 multorum
781 1861 929 1938 supremis
947 1859 1076 1940 iudiciis,
1094 1860 1127 1919 in

106 1943 155 2004 bis
169 1945 247 2004 Anni
260 1942 353 2024 Bassi,
367 1946 537 2022 grauissimi
555 1947 640 2026 ciuis,
655 1944 778 2007 credere
797 1955 891 2028 potes,
910 1950 997 2009 cuins
1016 1965 1127 2008 memo·

107 2034 182 2093 riam
197 2041 257 2094 tam
272 2039 355 2111 grate
369 2032 589 2112 praedicatione
606 2041 747 2112 prorogat
765 2042 796 2096 et
810 2034 953 2117 extendit,
967 2043 1000 2097 nt
1013 2034 1125 2098 librum
1140 2057 1166 2100 rs

107 2120 143 2182 de
173 2123 236 2183 nita
263 2123 328 2182 eins
357 2115 440 2203 (nam
466 2121 564 2186 studia
587 2139 707 2202 quoquc
730 2124 809 2186 sicut
833 2123 904 2185 alias
928 2123 1021 2186 bonas
1043 2131 1125 2186 artes

107 2202 283 2293 ueneratur)
307 2209 443 2272 ediderit.

359 2380 624 2508 jeonrarvs
657 2391 865 2479 renum

502 2538 726 2598 TESTIMONIA

74 2647 105 2718 l.
134 2653 257 2714 Truinn.
272 2656 316 2716 ad
324 2655 401 2715 Ptin.
419 2655 441 2713 7
455 2653 498 2731 [a.
513 2654 564 2716 98.
573 2653 650 2732 851]
666 2653 712 2715 'ln
726 2672 762 2716 ex
778 2673 838 2734 quo
852 2671 940 2716 nomo
955 2657 1003 2735 sit,
1018 2663 1123 2720 notum

107 2741 181 2806 mibi
204 2742 301 2803 lacere
320 2741 453 2825 debebis,
476 2750 511 2804 ut
534 2742 693 2823 epistulam
715 2743 771 2804 tibi
789 2743 825 2804 ad
844 2742 1019 2823 Pompeium
1037 2744 1122 2813 Plan·

107 2839 176 2913 tam‚
194 2831 379 2911 praelectum
397 2831 530 2911 Aegypti,
550 2834 678 2893 amicum
696 2850 805 2913 meum,
824 2834 948 2894 mittem.
974 2827 1029 2915 (cf.
1043 2835 1121 2896 Ptin.
1137 2855 1165 2900 so

104 2939 215 2998 paneg.
234 2917 302 3002 10.)
326 2921 404 2981 Plin.
423 2938 468 2997 ep.
499 2921 598 2981 VIIII
607 2921 669 2998 1,1
689 2921 747 2999 [ud
759 2920 953 2999 Maximuml.
977 2922 1072 3002 Saepe
1093 2932 1124 2984 te

107 3012 223 3091 monui,
247 3017 281 3071 nt
303 3008 409 3089 libros,
433 3026 508 3088 quos
532 3008 581 3070 nel
603 3027 658 3088 pro
682 3019 712 3071 te
735 3010 785 3072 nel
807 3013 839 3071 in
861 3009 1009 3093 Plantam,
1033 3013 1125 3073 immo

107 3104 138 3157 et
161 3115 216 3176 pro
239 3105 269 3159 te
293 3108 323 3159 et
345 3099 377 3158 in
400 3097 485 3158 illum
513 3091 568 3181 (ita
591 3101 671 3159 enim
693 3101 818 3161 materia
841 3094 980 3183 cogebat)
1005 3117 1124 3179 compo-

1 3201 2 3215 *
109 3188 205 3267 suisti,
229 3205 317 3266 quam
340 3188 541 3248 maturissime
564 3189 731 3267 emitteres;
755 3188 834 3267 qnod
859 3206 940 3250 nnnc
963 3192 1124 3269 praecipue

109 3283 204 3336 morte
218 3279 283 3337 eins
298 3276 396 3338 audita
411 3283 442 3337 et
459 3276 564 3337 hortor
582 3283 612 3337 et
630 3293 744 3337 moneo.
769 3280 906 3356 quamuis
921 3279 1001 3340 enim
1015 3278 1124 3358 legeris
1137 3300 1166 3342 ss

108 3361 210 3424 multis
233 3363 433 3446 legendosque
453 3364 585 3446 dederis,
605 3365 673 3425 nolo
692 3372 790 3426 tamen
809 3383 988 3446 quemqnam
1008 3369 1125 3446 opinari

110 3451 251 3513 defuncto
283 3453 403 3515 demum
435 3453 602 3535 inchoatos,
635 3472 711 3534 quos
738 3453 880 3515 incolumi
907 3473 942 3516 eo
972 3458 1125 3536 peregisti.

6 3524 7 3557 ³
110 3539 190 3602 salua
210 3543 250 3602 sit
268 3541 324 3602 tibi
341 3545 523 3604 constantiae
543 3544 629 3606 lama.
651 3543 709 3604 erit
728 3551 836 3624 autem,
855 3545 881 3604 si
900 3551 1003 3606 notum
1022 3547 1127 3625 aequis

110 3631 281 3710 iniquisque
310 3630 400 3692 luerit
428 3649 486 3694 non
509 3640 579 3712 post
608 3634 722 3695 inimici
745 3641 871 3694 mortem
895 3633 1047 3696 scribendi
1069 3633 1128 3706 tibi

163 3725 250 3791 Paris,
264 3739 327 3783 Eiet.
341 3740 405 3782 Rom.
420 3742 501 3792 fragm.
897 3726 900 3734 ¹
931 3739 965 3788 21
