2638 4056
167 208 234 275 216
491 205 522 263 Τ.
541 205 723 263 POMPONII
740 203 863 261 ATTIGI

168 375 288 439 quoque
307 358 427 418 Aenean
449 359 563 418 umeris
582 359 734 418 extulisse.
748 389 794 398 —
807 356 926 416 Atticus
949 354 986 416 de
1009 361 1093 433 patre
1117 373 1186 416 con-

169 449 269 528 sentit,
292 445 329 507 de
352 446 399 508 dis
421 444 581 525 penatibus
602 452 699 524 negat,
723 444 775 506 sed
799 463 835 504 ex
855 443 1057 506 Samothracia
1079 446 1111 504 in
1130 443 1186 506 lta-

168 536 238 597 liam
261 535 412 706 deuectop.
436 527 514 618 (ald.
533 535 617 597 Hem.
633 534 677 610 fr.
691 535 721 594 5.
745 535 845 596 Pisce
866 532 909 610 fr.
923 533 953 594 2.
976 533 1016 609 cf.
1036 534 1125 595 Seru.
1144 535 1189 595 ud
1310 581 1311 594 2

169 626 243 688 Aac.
259 625 316 685 ΙΙΙ
329 624 378 685 12.

106 711 159 762 '1²3
260 708 320 777 2*.
343 714 437 776 Solia.
456 714 479 774 l
491 713 538 774 27
560 711 683 774 Romam
698 745 741 756 -
759 711 858 790 placet
880 711 1030 773 conditam
1046 743 1085 754 ·-
1101 710 1214 772 Pom-⁵
1308 719 1311 794 ,j

106 803 443 954 catenat
456 800 1043 967 t
1057 803 1187 969 ‘estem

107 962 160 1012 2⁶⁰
170 998 230 1041 non
245 980 306 1041 duo
318 979 456 1042 tribunos
470 979 576 1060 plebis,
590 979 744 1040 ut·Cieero
758 977 839 1060 dicit,
854 978 906 1040 sed
922 980 1054 1059 quinque
1063 979 1187 1040 tradunt

170 1077 286 1131 creatos
301 1078 365 1130 tum
380 1067 427 1147 [in
445 1076 543 1131 monte
560 1068 665 1146 sucro]
681 1085 756 1149 esse,
772 1067 905 1148 singulos
919 1086 955 1129 eu
973 1067 1099 1148 singulis
1112 1068 1186 1129 clas-

170 1157 262 1220 sibus.
277 1166 349 1219 sunt
361 1166 470 1239 tamen,
480 1160 531 1237 qui
548 1157 676 1218 eundem
692 1156 776 1218 illum
786 1157 914 1219 duorum
929 1175 1087 1218 numerum
1097 1169 1228 1236 quem1⁰

169 1246 274 1309 Cicero
297 1255 419 1328 ponant,
441 1247 521 1308 inter
543 1263 618 1325 quos
637 1245 803 1308 Tuditanus
823 1245 880 1324 [fr.
896 1244 932 1325 4]
957 1254 987 1308 et
1005 1246 1186 1325 Pomponius

169 1337 297 1418 Atticos,
318 1335 424 1396 Liuius
447 1353 566 1416 quoque
589 1343 691 1396 noster
716 1333 830 1416 [1133,
844 1333 887 1414 2].

259 1428 319 1498 4*.
347 1435 442 1496 Cicer.
457 1435 544 1495 Brut.
562 1434 615 1508 10,
635 1433 679 1494 42
709 1432 880 1512 Siquidem
904 1441 1030 1511 uterque
1054 1431 1187 1510 [licemi-

169 1527 280 1584 slocles
301 1530 332 1584 et
357 1521 564 1603 CoriolanusL
587 1541 656 1584 cum
680 1524 756 1582 ciuis
780 1523 917 1601 egregius
940 1521 1060 1601 luisset,
1083 1521 1187 1602 populi
1308 1509 1311 1533 ⁴

169 1613 280 1690 ingrati
307 1611 412 1689 pulsus
440 1613 548 1672 iniuria
577 1623 609 1672 se
637 1611 673 1672 ad
700 1611 802 1672 hostes
832 1610 959 1672 eontulit
988 1618 1186 1690 conatumque
1201 1622 1229 1663 1⁵

170 1699 341 1761 iracundiae
360 1717 431 1760 suae
450 1707 546 1761 morte
566 1698 690 1762 sedauit.
720 1717 788 1760 nam
807 1702 864 1761 etsi
882 1699 969 1761 aliter
987 1700 1065 1778 apud
1084 1708 1113 1761 te
1133 1707 1187 1781 est,

170 1789 277 1870 Attice,
301 1788 338 1851 de
358 1788 522 1871 Coriolano,
541 1790 672 1851 concede
691 1798 800 1869 tamen,
819 1796 853 1850 ut
870 1789 941 1850 huic
960 1791 1064 1868 generi
1082 1789 1187 1850 mortis

170 1880 271 1958 potius
294 1880 446 1939 assentiar.

107 1974 162 2053 Ἀθ
260 1970 318 2038 5*.
346 1977 406 2037 Cic.
421 1977 507 2036 Brut.
521 1976 570 2058 18,
592 1975 635 2036 72
661 1977 759 2055 Atque
781 1976 831 2037 hic
855 1975 973 2057 Liuius,
997 1978 1050 2056 qni
1072 1978 1186 2056 primus

108 2063 300 2127 ⁶14sabulam
320 2064 350 2126 C.
370 2063 501 2146 Claudio,
525 2064 612 2126 Caeci
634 2064 703 2144 filio,
727 2073 757 2126 et
779 2064 817 2126 Μ.
841 2064 988 2126 Tuditano
1012 2065 1185 2127 consulibus
1200 2078 1229 2119 ²0

171 2154 273 2215 docuit
291 2171 368 2213 anno
386 2155 452 2232 ipso
471 2162 548 2234 ante,
567 2172 656 2233 quam
673 2164 762 2215 natus
781 2162 827 2215 est
841 2153 964 2234 Ennius,
983 2161 1052 2232 post
1064 2153 1187 2215 Romam

171 2240 320 2303 conditam
349 2250 448 2303 autem
471 2251 577 2323 quarto
601 2241 716 2303 decimo
741 2251 771 2303 et
799 2244 1049 2322 quingentesimo,
1077 2250 1111 2303 ut
1137 2243 1186 2303 hic

172 2329 318 2409 [Atticus]
338 2333 387 2412 ait,
407 2349 496 2411 quem
515 2349 570 2392 nos
585 2333 753 2412 sequimur3
772 2339 818 2390 est
831 2333 911 2390 enim
930 2332 1009 2391 inter
1024 2332 1187 2409 scriptores

171 2418 209 2481 de
223 2436 347 2480 numero
362 2437 507 2481 annorum
523 2421 737 2481 controuersia.
753 2420 861 2479 Accius
876 2425 976 2479 antem
990 2417 1049 2489 aQe
1060 2418 1187 2480 Maximo

172 2509 309 2587 quintum
324 2509 446 2570 consule
466 2515 585 2588 captum
600 2508 721 2569 Tarenti
739 2509 861 2586 scripsit
877 2505 997 2568 Liuium
1015 2509 1101 2569 annis
1114 2523 1187 2570 xxx
1201 2518 1228 2560 ²⁵
1310 2549 1311 2578 ³

170 2603 248 2676 post,
267 2615 355 2676 quam
374 2615 443 2658 eum
462 2596 591 2658 labnlanr
609 2597 747 2658 docuisse
771 2604 801 2657 et
819 2597 937 2656 Atticus
956 2596 1061 2659 scribit
1084 2605 1115 2658 et
1132 2615 1186 2659 nos

171 2687 202 2746 in
226 2688 357 2765 antiquis
376 2687 596 2747 commentariis
618 2686 798 2766 inuenimus‚
821 2684 959 2746 docuisse
983 2695 1083 2748 autem
1105 2686 1186 2747 labu-
1305 2733 1311 2752 i

170 2774 229 2835 lam
252 2777 338 2836 annis
356 2783 425 2853 post
437 2789 487 2853 XI,
506 2774 537 2835 C.
552 2772 689 2834 Cornelio
709 2772 743 2844 Q.
757 2772 895 2835 Minucio
908 2772 1090 2854 consulibus,
1108 2773 1186 2836 ludis

171 2862 344 2944 quentatis
368 2881 443 2942 quos
463 2863 611 2924 Salinator
630 2861 756 2923 Senensi
778 2863 892 2942 proelio
911 2873 1046 2926 uouerat.
1076 2866 1108 2925 iu
1127 2882 1185 2944 quo

171 2959 273 3014 tantus
291 2968 376 3012 error
390 2952 473 3012 Accii
487 2952 553 3033 luit,
568 2960 602 3012 ut
615 2951 663 3013 his
682 2951 857 3014 consulibus
871 2967 966 3014 xxxx
984 2971 1078 3014 anuos
1097 2962 1185 3015 natus
1200 2967 1228 3007 ³0
1310 2963 1311 2966 ’

170 3040 286 3102 Ennius
305 3041 408 3122 luerit3
427 3042 477 3101 cni
495 3043 521 3101 si
539 3040 670 3120 aequalis
689 3041 781 3103 luerit
794 3041 907 3122 Liuius,
922 3044 1020 3103 minor
1038 3041 1187 3120 aliquanto

172 3131 208 3211 is,
223 3132 275 3209 qui
289 3131 404 3209 primus
419 3128 548 3191 fabulam
562 3129 653 3212 dedit,
668 3148 757 3210 quam
775 3133 813 3210 ei,
827 3134 879 3210 qui
897 3130 1005 3192 multas
1024 3130 1188 3191 docuerant

172 3225 241 3278 ante
264 3217 319 3278 lios
343 3218 490 3300 consules,
514 3227 544 3279 et
566 3217 689 3281 Plautus
712 3228 743 3280 et
764 3219 904 3280 Naeuius.
936 3218 1016 3278 llaec
1039 3220 1065 3278 si
1088 3220 1187 3280 minus

172 3313 240 3384 apta
263 3305 405 3367 uidentur
429 3307 500 3369 huic
519 3310 660 3389 sermoni,
676 3307 779 3388 Brute,
798 3309 895 3369 Attico
919 3309 1045 3389 assigna,
1068 3309 1121 3387 qui
1139 3325 1187 3369 me

172 3393 368 3456 inllammauit
390 3397 489 3459 studio
513 3396 676 3459 illustrium
698 3397 852 3458 hominum
870 3403 981 3458 aetates
1000 3403 1031 3458 et
1053 3404 1187 3476 tempora
1201 3410 1229 3451 ³⁵

171 3484 380 3562 persequendi.

262 3575 297 3644 6.
320 3583 429 3646 Asson.
445 3587 476 3644 la
494 3584 555 3644 Cic.
570 3585 670 3646 Pisoa.
685 3601 716 3659 p.
730 3581 772 3642 12
786 3583 824 3642 K.
847 3580 983 3644 Tradunt
1001 3591 1031 3644 et
1048 3581 1189 3644 Antiochi
