2640 4052
214 241 259 306 50
544 240 582 296 M.
601 239 723 297 POROIl
742 239 898 297 CATONIS

216 389 466 470 quemadmodum
483 389 642 452 Terentius
661 388 754 451 Varro
778 398 808 450 et
831 398 899 451 ante
923 408 992 451 enm
1015 390 1144 454 liceto
1165 411 1235 472 pos·

216 487 283 541 sent
301 479 458 560 affirmare,
477 488 671 541 sexcentenas
688 477 781 540 'urnas
799 481 909 558 priscis
928 479 1094 542 cultoribus
1117 481 1234 562 singula

216 570 373 630 uinearum
387 571 490 648 iugera
505 565 642 650 fudisse.)
653 593 694 618 ιτ-
710 570 788 630 Ptin.
803 588 832 629 n.
847 570 875 629 λι.
885 569 995 630 XIIII
1004 569 1048 630 52
1066 569 1147 631 ldem
1161 570 1234 632 Cato

216 657 309 718 denos
333 657 445 719 culleos
468 658 568 719 redire
591 676 625 719 ex
650 656 805 737 iugeribus
828 657 921 719 iubet.
958 659 1005 720 De
1027 661 1097 720 dnh.
1120 663 1233 722 nomin.

223 747 250 806 V
256 766 286 824 p.
296 748 344 806 57
346 747 368 807 6
377 749 415 808 II.
435 746 571 809 Gnlleum
589 748 709 827 generis
728 749 875 828 neutrius,
890 754 924 807 ut
938 746 1010 809 Cato
1025 742 1131 809 ‘cullea
1146 743 1231 810 uini'.
1248 769 1263 811 ο

304 838 410 907 44**.
425 847 503 907 Ptin.
514 864 542 907 n.
553 845 714 906 nlllllo
728 843 762 906 ln
771 845 828 906 hoe
838 853 936 907 unctu
947 843 1092 923 [octonae
1101 847 1236 922 Ανμκείί

215 937 359 1010 racionis,
378 952 459 1010 quoe
481 935 748 996 determinabatur
770 937 918 1010 Arimino,
942 936 1038 1011 Pado,
1057 933 1232 1012 Apennino]

215 1024 397 1086 interierunt
414 1022 477 1105 Boi,
497 1041 625 1103 quornm
643 1022 743 1084 tribus
761 1037 833 1085 exn
851 1024 944 1084 luisse
962 1032 1067 1085 auctor
1086 1031 1133 1085 est
1150 1022 1233 1104 Cato,

215 1114 287 1174 item
312 1111 454 1193 Senones,
478 1114 531 1192 qui
554 1118 700 1192 ceperunt
722 1110 853 1174 Romam.

304 1194 390 1263 45²².
414 1203 502 1263 Sero.
522 1204 567 1263 od
582 1202 656 1263 Aen.
675 1202 711 1261 X
725 1200 792 1261 179
815 1200 887 1263 Cato
906 1203 1064 1284 originum,
1083 1204 1135 1282 qui
1149 1201 1234 1262 Pisas
1249 1223 1277 1262 ιο

216 1292 370 1351 tenuerint
388 1298 457 1351 ante
472 1290 634 1351 aduentum
649 1288 848 1352 Etruscorum
866 1298 955 1369 negat
969 1290 1028 1370 sihi
1046 1298 1234 1372 conpertum,

216 1378 269 1440 sed
297 1381 443 1458 inueniri,
471 1378 657 1440 Tarchonem
686 1377 841 1458 Tyrrheno
873 1380 1047 1460 oriundum,
1073 1389 1234 1459 postquam

215 1463 421 1547 †eurundem
440 1486 611 1529 sermonum
633 1469 760 1549 ceperit,
775 1468 858 1530 Pisas
878 1469 1060 1549 condidisse,
1080 1487 1148 1530 eum
1163 1475 1233 1530 ante

215 1558 369 1636 regionem
393 1557 518 1618 eandem
536 1556 686 1618 Teutanes
710 1558 830 1638 quidam
848 1557 961 1619 Graece
984 1557 1141 1637 loquentes
1164 1576 1232 1637 pos-

217 1645 358 1708 sederint.
1249 1665 1276 1706 15

306 1737 391 1805 46³³.
410 1745 499 1805 Sern.
515 1747 559 1806 ad
571 1745 644 1808 Aen.
655 1747 690 1806 X
701 1745 765 1806 184
783 1744 979 1823 lntempestas
993 1762 1064 1824 ergo
1075 1743 1234 1805 Grauiscas

218 1834 381 1910 accipimus
413 1832 588 1911 pestilentes
621 1842 651 1896 et
683 1834 848 1896 secundnm
879 1833 1010 1895 Plinium
1040 1835 1072 1894 in
1104 1833 1235 1894 naturali

217 1920 343 1982 historia
362 1929 392 1982 et
410 1920 552 1983 Catonem
569 1924 601 1983 in
620 1922 796 2002 originibus,
814 1930 849 1984 ut
867 1924 1060 2001 intempestus
1078 1921 1233 2001 intellegas

218 2012 283 2072 sine
307 2013 460 2091 temperie,
483 2013 513 2072 id
537 2019 584 2074 est
602 2011 826 2091 tranquillitate.
854 2029 931 2091 nam,
950 2019 984 2072 ut
1006 2013 1047 2071 ait
1066 2010 1146 2091 Cato,
1165 2012 1233 2073 ideo

219 2099 378 2161 Grauiscae
403 2100 499 2161 dictae
523 2109 603 2182 sunt,
626 2100 706 2181 quod
729 2118 853 2180 grauem
875 2118 974 2161 aerem
998 2101 1156 2161 sustinent
1248 2121 1276 2161 κο

306 2192 412 2261 47**.
436 2200 515 2260 Ptin.
529 2218 558 2260 n.
573 2201 602 2260 Ιι.
618 2201 675 2259 III
690 2199 731 2258 51
753 2196 838 2259 Intus
861 2196 994 2258 coloniae
1013 2195 1128 2258 Falisca
1146 2197 1234 2277 Argis

218 2295 291 2366 orta,
316 2294 349 2348 ut
371 2295 476 2349 auctor
498 2294 545 2348 est
567 2286 648 2350 Cato.

307 2378 412 2448 48**.
436 2386 524 2447 Sern.
544 2388 588 2446 od
603 2388 677 2446 Aen.
704 2385 767 2444 VII
788 2383 856 2444 697
878 2383 940 2444 Hos
963 2381 1062 2461 [ineos
1084 2382 1234 2462 Capenos]

218 2473 292 2534 dicit
314 2472 385 2535 Cato
410 2473 566 2535 Veientum
590 2478 716 2536 iunones
738 2472 907 2534 condidisse
931 2471 1040 2533 auxilio
1063 2474 1143 2550 regis
1161 2472 1233 2533 Pro·

130 2643 133 2648 1
217 2564 317 2642 pertii,
341 2565 468 2642 quiens
492 2561 649 2643 Capenam,
672 2579 740 2623 cum
764 2562 973 2642 adoleuissent,
996 2563 1126 2622 miserat.
1248 2583 1276 2624 m

307 2654 412 2721 49**.
438 2661 516 2721 Ptin.
540 2680 569 2721 n.
593 2661 622 2720 λι.
647 2661 705 2720 III
722 2660 784 2720 114
807 2658 955 2719 Ameriam
979 2660 1235 2738 suprascriptam

219 2749 291 2811 Cato
310 2757 378 2810 ante
393 2749 497 2809 Persei
514 2748 625 2810 bellum
645 2749 794 2810 conditam
813 2749 898 2808 annis
916 2760 1109 2809 mccccmm
1124 2746 1234 2825 prodit.

310 2840 415 2908 50**.
439 2847 564 2924 Dionys.
582 2846 675 2907 1149
702 2839 812 2907 Κάτων
830 2842 863 2906 δὲ
876 2840 1010 2925 Πόρκιος
1026 2839 1059 2907 τὸ
1072 2841 1126 2924 μὲν
1139 2840 1235 2924 ὄνομα
1302 2875 1304 2960 η

218 2949 259 3031 τῷ
282 2943 426 3024 Σαβίνων
448 2942 532 3005 ἔθνει
557 2943 685 3023 τεθῆναί
711 2960 804 3024 φησιν
831 2939 879 3004 ἐπί
902 2937 1010 3023 Σάβου
1036 2946 1089 3005 τοῦ
1111 2937 1234 3023 Σάγκου

221 3041 364 3122 δαίμονος
387 3039 560 3121 ἐπιχωρίου,
587 3044 692 3103 τοῦτον
720 3037 753 3102 δὲ
775 3036 827 3103 τὸν
848 3035 970 3121 Σοίηυιον
991 3034 1052 3102 ini
1074 3063 1164 3101 τινων
1185 3041 1234 3101 πί-
1248 3063 1277 3104 so

219 3156 301 3201 στιον
323 3142 479 3200 καλεῖσθαι
502 3139 569 3200 Δία.
605 3133 726 3219 προίτην
748 3133 777 3201 δ’
803 3133 903 3200 αὐτῶν
930 3139 1046 3218 οἴκησιν
1073 3133 1234 3215 ἀποφαίνει

219 3233 360 3317 γενέσθαι
383 3230 487 3315 κοτ’μην
508 3230 574 3297 τινὰ
597 3233 785 3316 καλουμένην
805 3237 990 3314 Τεστροῦναν
1011 3229 1104 3314 ἆγχοῦ
1122 3229 1234 3310 πόλεως

217 3323 387 3412 Ἀμιτέρνης
414 3331 567 3413 κῐιμίνην,
596 3333 626 3407 ἐξ
653 3323 691 3413 ἧς
718 3329 904 3415 ὁρμηθέντας
929 3326 991 3393 τότε
1013 3333 1165 3412 Σαβίνους
1192 3334 1233 3407 είς

219 3423 275 3509 τὴν
293 3423 444 3510 Ῥεατίνην
471 3428 609 3511 ἐμβαλεῖν
633 3426 827 3515 Ἀβοριγίνων
853 3425 915 3510 ἅμα
941 3424 1157 3492 κατοικούντων
1183 3428 1234 3491 καί

219 3522 309 3590 πόλιν
331 3522 431 3591 αὐτῶν
452 3523 507 3609 τὴν
529 3525 765 3611 ἐπιφανεστάτην
787 3526 934 3600 Κοτυλίας
955 3524 1072 3612 πολέμῳ
1095 3547 1231 3608 χειρωσα-
1247 3551 1278 3592 us

220 3623 331 3706 μένους
353 3632 514 3707 κατασχεῖν.
547 3625 579 3687 ἐκ
602 3625 636 3689 δὲ
657 3632 710 3709 τῆς
724 3621 870 3705 Ῥεατίνης
888 3618 1027 3700 νἰποικίας
1044 3621 1232 3688 ἆποστείλαν-
