2670 4058
239 195 376 252 nuncu.
395 200 510 251 eo-ss.
536 193 690 251 nuunu
707 193 793 252 aur.
820 195 964 254 rnsrru.
984 203 1061 253 1-4.
1098 179 1163 264 261

145 339 342 425 ‘eomplmess
369 343 445 406 nibil
473 345 553 405 enim
584 343 696 425 differt,
725 359 787 404 rien
817 342 923 406 Lause
951 346 1004 408 sed
1036 345 1163 410 barbare

144 433 276 496 dixerint
298 431 336 494 Μ.
359 433 441 513 date,
465 431 498 502 Ο.
522 432 676 514 Claudios,
698 431 833 494 Valerius
856 433 973 516 bottas,
995 433 1030 496 b.
1051 435 1162 518 Aelius,

145 522 176 584 P.
200 520 347 601 Nigidius,
370 521 407 583 M.
431 521 533 582 Varro.

235 605 295 674 91.
319 611 408 674 Sere.
435 613 479 672 cd
507 611 594 687 Vera.
625 627 731 686 qaam.
754 611 860 672 1193
896 610 974 674 Sene
1005 612 1161 676 Rubellius

145 698 276 761 Blandus
299 707 330 763 et
347 696 561 778 Quadrigarius
579 698 717 760 historici
735 685 848 780 dicubl,
867 698 1033 780 Gargarum
1049 701 1189 767 ilumeris

145 790 249 850 uocari
271 789 304 849 in
330 787 440 848 linibus
463 786 612 848 Thurinis.
650 786 687 848 ad
714 786 787 862 illud
815 789 907 850 luisse
935 790 1077 870 oppidum
1099 811 1160 853 me·

145 876 261 956 diacre,
285 875 363 956 quod
387 875 483 955 Garga
505 887 584 937 nuuc
610 877 696 937 uicus
723 881 895 957 est,q1icm
919 876 1012 940 Troes
1040 879 1161 941 obscuri

145 973 267 1026 eentum
295 965 510 1045 quinquaginta
536 967 637 1044 ignoto
664 972 697 1025 et
722 967 838 1026 intorto
870 965 946 1027 duce
976 967 1161 1050 insederunt,

144 1053 261 1116 scilieet
290 1055 409 1116 nomine
438 1072 454 1114 a
481 1055 596 1116 uertice
622 1052 710 1114 idaeo
738 1053 893 1136 translate,
921 1074 938 1116 a
966 1074 1025 1135 que
1053 1058 1160 1118 ciuitas

143 1143 234 1208 etiarn
257 1143 288 1202 in
311 1133 421 1205 linibus
444 1136 560 1204 Troicis
583 1131 712 1222 Gargara
735 1160 772 1222 aq
794 1142 909 1205 ellatur.
1173 1167 1200 1208 ιο

234 1221 294 1292 92.
318 1225 393 1320 Non.
416 1251 440 1314 s.
459 1249 488 1314 ν,
509 1223 700 1313 pedetemlim
719 1249 750 1313 p.
764 1161 808 1292 59
829 1223 1049 1320 ¹Quadrigarius
1072 1251 1160 1320 anna-

144 1317 236 1381 libus:
255 1313 398 1382 Exereitu
416 1321 563 1382 instructo
583 1311 781 1403 pedetentim'
795 1308 904 1382 milites
923 1321 1036 1408 ducere¹
1053 1325 1160 1408 coepit.

234 1397 294 1472 93.
318 1410 394 1472 Non.
416 1428 440 1470 s.
464 1427 492 1469 u.
517 1404 808 1484 sangermanensem
826 1429 858 1487 p.
874 1397 919 1470 90
947 1397 1160 1496 Quadrigarius

142 1493 306 1560 annalium:
330 1491 429 1560 Facite
459 1496 594 1578 exempla
622 1515 739 1578 eorum,
762 1504 798 1558 ut
824 1516 879 1559 uos
907 1517 977 1560 cum
1004 1499 1063 1562 illis
1091 1518 1160 1562 eon-

140 1603 369 1666 germansseere
393 1579 514 1648 sciatur.
1174 1608 1199 1650 ιν

232 1668 292 1738 94.
316 1675 391 1738 Nec.
405 1693 428 1739 s.
442 1693 471 1738 ν.
486 1678 581 1736 lulum
591 1693 623 1752 p.
636 1671 700 1736 212
713 1667 854 1739 Claudius
868 1672 1031 1738 annalium:
1046 1665 1160 1751 Pluuio,

141 1762 235 1826 imbri
256 1762 338 1825 lutus
362 1771 426 1825 erat
448 1757 570 1824 multus.

233 1843 293 1914 95.
316 1850 393 1914 Non.
415 1871 438 1915 s.
462 1871 491 1913 ν.
511 1855 640 1930 populat
655 1844 771 1932 μ471
799 1850 1026 1934 Quadrigarius:
1049 1853 1160 1933 Agrum

143 1934 291 2001 Nolanum
314 1935 458 2020 populare
482 1948 653 2018 coeperunt.

234 2022 294 2091 96.
310 2031 462 2092 sturton.
484 2030 583 2089 VIIII
589 2048 620 2106 p.
631 2029 697 2090 484
711 2029 751 2092 Η.
765 2028 919 2090 Claudius:
934 2029 1036 2108 Pugna
1050 2031 1160 2091 acriter
1174 2050 1199 2091 ae

143 2119 311 2196 commissa,
335 2117 437 2180 mdlti's
460 2119 611 2196 utrimque
634 2113 773 2180 iiite'rili's.

412 2362 674 2464 inuenitis
703 2367 891 2464 Amris

540 2515 765 2582 ΤΕΒῚῚΜΟΝΙΑ

111 2634 144 2704 l.
175 2641 245 2704 Veli.
261 2641 300 2701 II
311 2639 331 2702 9
354 2639 505 2702 Vetustior
520 2637 645 2702 Sisenna
661 2640 718 2702 luit
733 2636 858 2720 Caelius,
872 2638 1004 2720 aequalis
1019 2637 1161 2700 Sisennae

144 2726 275 2791 Rutilius
299 2723 499 2813 Claudiusque
522 2725 735 2808 Quadrigarius
759 2736 790 2789 et
812 2721 945 2790 Valerius
969 2726 1080 2788 Antias.

108 2811 144 2884 2.
168 2819 272 2880 From.
291 2819 336 2880 ad
353 2817 420 2879 Ver.
436 2818 492 2878 II
506 2836 536 2895 p.
550 2816 612 2876 114
626 2813 661 2878 Ν.
685 2811 845 2877 Historiam
870 2833 988 2896 quoque
1012 2813 1160 2876 scribsere

106 2895 112 2915 ⁴
148 2908 306 2968 -Antias
329 2908 497 2968 inuenuste.
1175 2922 1202 2963 as

109 2999 145 3066 3.
168 3006 257 3066 Dion.
271 3004 293 3064 I
306 3004 327 3062 7
343 2999 386 3064 Τὰ
405 2998 433 3064 d'
455 3002 488 3066 ἐν
506 3005 564 3064 τῶν
586 2997 722 3082 ἱστοριῶν
741 2995 966 3082 ἀναλεξάμενος,
985 2994 1021 3074 ἃς
1040 2999 1072 3061 οἱ
1086 2993 1162 3079 πρὸς

145 3096 245 3164 αὐτῶν
271 3095 482 3180 laudaverim
498 3093 651 3178 ‘Promitte
678 3097 873 3182 συνέγραψαν
894 3129 939 3142 -·
960 3091 1123 3176 dictique
1145 3089 1161 3157 ὃ

141 3193 270 3272 {tartede
292 3217 319 3259 oc.
338 3216 362 3260 ν.
381 3203 406 3258 l.
442 3199 505 3258 oct.
528 3209 573 3258 ον.
597 3203 661 3259 test.
680 3197 707 3259 1.

108 3290 146 3358 4.
169 3297 237 3356 lla.
255 3295 355 3355 XXX
369 3293 420 3374 19,
438 3294 476 3354 11
504 3292 637 3354 Valerius
655 3293 758 3354 Antias
777 3295 908 3372 quinque
927 3288 1009 3353 militi
1030 3290 1162 3352 bostium

145 3402 232 3445 caesa
254 3385 303 3444 ait.
335 3401 413 3462 quae
433 3387 514 3443 tauta
538 3399 588 3442 res
610 3387 665 3462 est,
688 3389 723 3442 ut
745 3389 796 3442 aut
819 3381 1008 3461 impudenter
1030 3381 1100 3440 licta
1123 3380 1162 3438 sit
1176 3400 1204 3442 eo

145 3481 197 3534 eut
219 3472 412 3552 neglegenter
434 3472 645 3550 praetermissa
667 3464 728 3550 (fr.
746 3463 813 3554 29).
840 3471 994 3530 XXXIII
1009 3469 1061 3543 10,
1080 3467 1101 3528 8
1130 3465 1164 3526 Sl

145 3561 260 3622 Valerio
299 3562 351 3640 qui
387 3560 489 3623 eredat
520 3560 653 3620 omnium
689 3573 792 3620 rerum
823 3557 971 3620 inmodice
1004 3573 1163 3618 numerum
