2640 4052
161 241 228 294 VIII
562 239 771 296 PRAEFATIO

164 392 265 467 posits
287 394 354 466 est,··
371 407 507 452 summes
528 391 730 467 paucimoniee
751 391 785 450 in
812 391 855 450 cis
883 390 1073 468 coniecturis,
1101 411 1179 469 quse

163 480 206 565 ibi
229 482 291 557 icm
312 482 552 544 commemoratae
576 483 673 554 eucnt,
698 483 729 540 et
752 479 896 558 eligendis
920 481 952 539 et
973 476 1179 558 sIgnificcndIs

164 567 328 631 consulere.
337 565 526 651 potui5'tum
548 588 620 630 uero
643 587 746 630 omnes
769 587 830 644 ces,
852 585 928 644 quse
951 569 999 632 his
1022 570 1179 629 duodecim

165 657 254 719 cunis
270 650 414 734 inuentae
429 660 502 734 sunt
520 660 574 717 sut
591 660 658 717 tum
676 676 696 718 c
712 677 760 717 me
780 657 1020 738 praetermeans,
1037 657 1179 736 religiose

163 747 292 829 conlegi,
307 751 349 807 ut
370 747 454 823 illim
473 747 689 824 supellectilem
708 747 886 823 supplerem.
909 746 942 806 in
960 747 1058 807 alters
1075 748 1179 807 cutem

164 830 433 914 tertisquc²sscsutc
463 837 563 896 minus
598 836 727 896 interest
762 835 925 895 uerborum
961 835 1178 911 ffiscrepcntiss

167 942 270 985 omnes
294 918 486 1002 cognoscere,
510 943 579 983 cum
604 925 673 1000 ipsc
693 924 791 984 uerbo
811 943 880 983 reno
902 925 1086 1000 transcripto
1107 924 1178 999 sint,

167 1015 270 1091 itsque
293 1033 343 1074 ess
366 1016 486 1073 tentum
507 1014 596 1074 modo
619 1013 753 1089 enotcui,
776 1029 853 1090 quse
876 1012 915 1072 ud
936 1031 985 1073 res
1008 1013 1089 1089 ipsus
1111 1032 1178 1090 per-

164 1103 309 1178 tinerent,
337 1103 392 1162 hus
420 1121 494 1163 uero
520 1102 639 1178 plenius
667 1104 699 1172 ct
726 1100 912 1178 edcuustius,
939 1101 1071 1178 itemque
1102 1102 1178 1163 alies

164 1191 309 1268 qucsdom
337 1191 539 1251 dubitationes
566 1190 687 1250 inserui.
732 1189 769 1249 In
795 1189 927 1248 omnium
956 1194 1058 1250 cutem
1083 1191 1179 1252 trium

164 1281 311 1340 librorum
333 1282 419 1339 textu
442 1278 665 1352 constituendo,
688 1282 724 1338 ut
744 1296 794 1338 res
816 1277 942 1354 ferebat,
965 1279 1063 1356 megia
1085 1279 1179 1340 sboti-

164 1369 284 1428 nentise
304 1372 335 1427 ct
356 1367 459 1428 iudicii
478 1386 568 1444 quem
590 1367 829 1427 coniecturarum
847 1366 1040 1428 fecunditatis
1057 1368 1179 1428 leudem

163 1457 305 1534 adpetiti.
866 1507 870 1514 .

131 1545 135 1552 '
252 1544 371 1605 IndIces
394 1544 507 1604 confeci
530 1545 613 1620 duos,
635 1563 729 1604 unum
752 1544 941 1621 scriptorum,
964 1546 1094 1605 alterum
1115 1565 1178 1606 mc-

164 1633 357 1694 morabilium
380 1634 533 1695 nominum
555 1634 745 1710 propriorum
769 1637 931 1711 utrorum,
953 1637 1021 1694 tum
1042 1635 1179 1695 tcbulsm

166 1741 269 1783 rerum
282 1722 486 1782 Romanorum
505 1725 725 1798 extemporum
743 1722 847 1783 ordine
866 1723 1066 1801 dIgcstcuum3
1082 1722 1109 1782 si
1127 1725 1180 1800 qui

166 1811 259 1872 etism
285 1811 435 1888 largiores
466 1809 651 1886 desiderent,
678 1829 729 1872 eos
759 1811 798 1871 cd
824 1811 1042 1888 Rolliquiurum
1071 1831 1178 1889 corpus

161 1901 273 1978 relego.

254 1988 395 2049 Subsidic
416 1988 557 2065 denique,
582 2007 658 2066 quse
680 1990 750 2051 huic
772 1991 856 2066 operi
882 1989 952 2050 usui
974 1993 1089 2066 essent,
1112 1989 1177 2049 dili-

165 2081 272 2156 genter
299 2078 479 2156 conquisiui‚
502 2078 710 2155 Hertziique
735 2079 926 2155 potissimum
947 2078 1124 2138 liberalitati
1147 2082 1179 2138 ct

163 2166 325 2227 eruditioni
347 2167 379 2226 in
400 2167 500 2242 prims
516 2168 603 2244 pente
621 2168 820 2242 retractando,
839 2166 1015 2227 Teuffelii
1033 2167 1178 2227 hittonise

161 2256 321 2316 literarum
343 2255 547 2316 Romanorum
568 2256 666 2316 mults
687 2273 737 2316 me
754 2257 864 2317 debere
881 2258 969 2334 grute
987 2256 1086 2316 animo
1109 2275 1177 2332 prc-

162 2344 263 2420 fiteor,
286 2345 319 2403 in
340 2343 472 2420 plagulis
495 2345 598 2404 sutem
626 2345 817 2406 emendandis
846 2345 968 2424 egregie
989 2364 1037 2404 me
1060 2345 1179 2404 ediuuit

164 2431 321 2493 Gonrcdi
348 2431 530 2510 Seeligeri
557 2434 691 2510 collegae
723 2434 890 2496 adsiduitas
921 2436 953 2494 et
981 2433 1102 2512 religio,
1129 2434 1178 2492 cui

164 2522 256 2582 etium
273 2521 330 2582 hoo
347 2521 412 2582 loco
435 2521 551 2600 gratim
569 2523 712 2583 mcximss
736 2542 802 2601 ego.

251 2628 379 2688 Misnisc
401 2647 504 2690 mense
527 2629 613 2690 Iunio
636 2645 869 2690 nncoonxxxm.
