2638 4056
465 208 693 266 marmoreis
712 217 791 268 1-4‚
1068 210 1134 278 207

1 441 2 445 Ἰ
119 351 173 426 oda
196 349 256 421 dard
279 360 331 437 τῆς
352 357 472 434 κτίσεως
495 353 601 440 αὐτῆς,
625 350 723 438 ὥσπερ
752 357 784 422 oi
804 355 887 424 ἄλλοι
910 358 943 423 ol
962 359 1048 424 τοῦτο
1069 383 1134 424 ποι·
1162 381 1165 390 ·

118 457 233 533 οῦντες,
261 449 334 517 ἀλλὰ
361 449 421 518 dard
448 459 501 536 τῆς
531 450 671 531 ὑπατείας
701 459 754 537 τῆς
789 453 895 520 ἑαυτοῦ
931 451 1053 538 ἤρξατο,
1085 457 1137 520 ἵνα

117 547 266 616 ἀνάπαλιν
287 556 450 636 προχωρῶν
471 548 566 636 ἀρχὴν
588 552 642 634 μὲν
664 556 716 617 τοῦ
738 548 829 636 lo'you
851 551 978 637 ἐκείνην,
1000 550 1136 636 τελευτὴν

118 647 151 714 δὲ
169 646 225 732 τὴν
242 655 296 718 τοῦ
309 645 462 732 Ῥωμύλου
480 654 632 733 βασιλείαν
648 645 815 732 ποιήσηται.
833 651 874 730 cs.
893 654 989 719 cicer.
1005 655 1044 716 de
1057 657 1134 732 lega.

118 750 180 827 12,
194 752 215 810 5
229 769 291 828 sqq.
1145 763 1159 804 ⁶

1 829 4 920 Γ
83 835 117 904 3.
144 841 240 902 Cicer.
255 842 300 902 od
310 839 462 915 Attus,
475 839 520 901 19
536 837 609 920 [scr.
623 857 651 900 o.
664 837 718 900 69.
735 837 1135 916 691]Commentarium

118 928 332 992 consulatus
351 931 420 990 mei
438 927 574 990 Graece
592 930 831 1008 compositum
846 927 892 1006 [α]
907 929 977 989 misi
994 928 1030 990 ad
1048 936 1088 1009 te,
1101 930 1134 990 in

118 1036 177 1097 quo
196 1020 222 1079 si
241 1017 314 1099 quid
333 1019 404 1099 erit,
422 1018 503 1099 quod
521 1018 636 1080 bomini
649 1018 747 1079 Attico
761 1018 861 1079 minus
875 1015 1021 1080 Graecum
1035 1017 1134 1080 erudi·

117 1114 241 1186 tumque
264 1106 415 1186 uideatur,
443 1125 503 1168 uon
527 1106 636 1188 dicam,
660 1105 739 1188 quod
762 1103 833 1187 tibi,
855 1115 890 1167 ut
917 1107 1036 1186 opinor,
1060 1105 1134 1168 Pau·

116 1195 216 1256 bormi
239 1193 382 1257 Lucullus
405 1195 441 1257 de
466 1197 529 1257 suis
551 1195 686 1257 historiis
709 1194 837 1276 dixerat,
860 1212 906 1276 se,
929 1213 988 1274 quo
1017 1193 1134 1256 facilius
1148 1208 1174 1248 1⁰

117 1283 182 1346 illas
205 1284 347 1365 probaret
364 1283 490 1346 Romani
511 1284 641 1347 bominis
663 1302 738 1364 esse,
760 1284 873 1346 ideirco
895 1282 1021 1345 barbara
1044 1301 1133 1364 quae·

118 1373 185 1436 dam
205 1383 236 1435 et
253 1369 373 1436 σόλοικα
387 1373 578 1453 dispersisse:
597 1374 673 1453 apud
689 1391 737 1434 me
756 1374 783 1434 si
801 1372 873 1452 quid
892 1374 951 1435 erit
964 1375 1029 1435 eius
1043 1372 1134 1454 modi,

117 1480 165 1523 me
187 1462 377 1542 imprudente
393 1464 452 1524 erit
466 1470 497 1525 et
514 1463 620 1524 inuito.
647 1461 814 1526 Latinum
832 1463 859 1523 si
873 1461 1038 1544 perfecero,
1052 1461 1088 1523 ad
1103 1469 1133 1523 te

116 1553 232 1614 mittam
247 1549 302 1630 [b].
326 1553 449 1612 tertium
468 1569 591 1631 poema
609 1549 655 1631 [c]
677 1559 862 1632 exspectato,
883 1568 920 1612 ne
939 1550 1019 1632 quod
1038 1568 1134 1631 genus

117 1659 133 1701 a
157 1658 204 1702 me
227 1642 292 1720 ipso
315 1639 411 1701 laudis
430 1658 512 1701 meae
531 1643 796 1721 praetermittatur.
812 1672 857 1684 —
876 1657 1055 1721 quamquam
1073 1650 1174 1700 non1⁶

117 1722 328 1811 ἐγκωμιαστικᾶ
353 1738 423 1792 sunt
445 1730 528 1809 baec,
552 1729 604 1791 sed
627 1725 768 1809 ἱστορικά,
792 1747 867 1808 quae
891 1728 1059 1791 scribimus.

80 1813 115 1882 4.
143 1819 203 1882 Cic.
218 1821 262 1881 od
274 1819 333 1880 Aa.
345 1818 430 1900 120,
446 1819 468 1879 6
481 1817 556 1897 [scr.
566 1837 594 1880 u.
612 1818 666 1879 66.
683 1815 762 1896 694]
786 1817 828 1878 lie
842 1819 917 1878 meis
931 1818 1052 1896 scriptis
1064 1818 1135 1878 misi

118 1907 154 1968 ad
170 1914 199 1968 te
214 1905 325 1969 Graece
344 1908 512 1987 perlectum
530 1907 717 1969 consulatum
736 1925 836 1968 meum
852 1905 912 1984 [u]:
935 1923 1004 1968 eum
1022 1905 1134 1966 librum

117 1995 150 2057 L.
166 1995 300 2058 Cossinio
319 1996 396 2058 dedi.
420 2004 494 2076 puto
512 2007 542 2058 te
560 1996 674 2058 Latinis
687 1998 762 2057 meis
780 1994 930 2074 delectari,
948 1994 1019 2056 buic
1033 2004 1133 2055 autem

117 2085 231 2147 Graeco
253 2084 399 2148 Graecum
422 2085 567 2149 inuidere.
596 2085 646 2146 alii
669 2087 695 2146 si
718 2085 902 2164 scripserint,
925 2084 1078 2144 mittemus
1096 2082 1133 2144 ad
1147 2095 1173 2135 2⁰

116 2183 157 2257 te,
170 2174 232 2256 sod,
246 2174 432 2257 mihicrede,
446 2175 625 2254 simulatque
643 2174 701 2236 boc
715 2181 852 2235 nostrum
870 2171 1017 2253 legerunt,
1029 2173 1133 2234 nescio

116 2282 176 2343 quo
199 2271 286 2343 pacto
309 2263 507 2327 retardantur.
532 2265 612 2338 111,
626 2265 702 2340 req.
722 2262 765 2340 [a.
782 2262 837 2323 66.
853 2260 933 2339 694]
957 2259 1020 2322 Kal
1039 2259 1133 2324 lunis

116 2354 200 2414 eunti
221 2352 295 2416 mibi
317 2353 440 2416 Antium
462 2361 493 2415 et
515 2352 693 2432 gladiatores
710 2350 748 2412 M.
767 2350 899 2412 Marcelli
917 2349 1025 2430 cupide
1044 2349 1133 2412 relin-

117 2444 220 2520 quenti
242 2444 327 2503 ueuit
350 2441 468 2504 obuiam
492 2451 563 2504 tuus
584 2459 674 2521 puer:
697 2442 723 2502 is
746 2439 822 2503 mibi
838 2438 952 2501 litteras
975 2438 1079 2501 abste
1102 2447 1134 2500 et

116 2533 362 2593 commentarium
392 2530 564 2593 consulatus
592 2532 652 2592 mei
679 2528 791 2590 Graece
819 2530 964 2606 scriptum
994 2527 1132 2589 reddidit.
1147 2539 1173 2580 2⁵

114 2621 147 2680 in
170 2637 229 2698 quo
252 2619 378 2681 laetatus
402 2637 469 2682 sum
492 2637 540 2682 me
563 2617 713 2701 aliquanto
743 2626 822 2698 ante·
840 2616 877 2677 de
907 2615 1013 2677 iisdem
1041 2614 1132 2676 rebus

115 2706 226 2769 Graece
250 2710 323 2770 item
346 2711 492 2789 scriptum
514 2707 626 2770 librum
647 2706 680 2768 L.
704 2705 839 2767 Cossinio
863 2705 899 2767 ad
926 2712 956 2766 te
979 2703 1131 2783 perferen·

115 2796 187 2859 dum
210 2796 342 2880 dedisse3
365 2815 433 2859 nam
453 2799 480 2858 si
502 2815 557 2876 ego
576 2803 661 2858 tuum
680 2803 748 2857 ante
767 2794 915 2874 legissem,
933 2793 1065 2855 iuratum
1083 2809 1131 2853 me

115 2883 169 2946 abs
191 2893 221 2947 te
244 2904 310 2948 esse
339 2886 465 2948 diceres.
482 2919 528 2930 -
546 2902 631 2947 meus
658 2892 758 2947 autem
785 2883 862 2945 liber
889 2889 986 2944 totum
1009 2881 1133 2942 lsocrati

115 2969 303 3054 μυροθήκιον
322 2983 410 3055 atque
429 2991 533 3036 omnes
551 2976 617 3036 eius
636 2971 852 3053 discipulorum
875 2970 990 3033 arculas
1013 2988 1047 3031 ao
1070 2987 1131 3031 non
1145 2983 1171 3024 ³0

1 3097 3 3113 ·
114 3062 189 3125 nibil
212 3066 299 3126 etiam
318 3063 490 3126 Aristotelia
507 3065 658 3144 pigmenta
677 3063 876 3143 consumpsit,
899 3079 988 3140 quem
1008 3067 1041 3121 tu
1060 3057 1131 3121 Cor·

114 3169 211 3234 cprae,
234 3160 269 3214 ut
286 3154 360 3215 rnibl
378 3154 443 3215 aliis
460 3153 570 3226 litteris
589 3151 747 3232 significas,
766 3151 893 3210 strictim
912 3150 1045 3229 attigisti,
1062 3155 1132 3228 post

115 3249 228 3323 autem,
255 3250 290 3304 ut
322 3241 466 3323 arbitror,
489 3259 506 3302 a
529 3241 664 3302 Cossinio
693 3240 848 3322 accepisti,
876 3256 965 3318 quem
992 3237 1048 3300 tibi
1076 3255 1130 3317 ego

115 3348 175 3391 non
194 3349 291 3392 essem
311 3347 401 3393 ausus
420 3333 553 3412 mittere,
576 3329 635 3390 nisi
653 3346 722 3390 eum
740 3326 820 3388 lente
839 3346 873 3387 ac
892 3326 1044 3389 fastidiose
1062 3343 1130 3406 pro-

114 3418 273 3481 bauissem.
287 3438 466 3500 quamquam
480 3419 517 3480 ad
531 3437 578 3480 me
592 3419 749 3497 rescripsit
762 3417 821 3477 iam
834 3414 939 3476 ilbodo
952 3415 1131 3478 Posidonius
1144 3425 1171 3468 ³⁵

115 3525 156 3590 se,
175 3515 312 3570 nostrum
330 3507 403 3571 illud
421 3503 583 3588 ὑπόμνημα
600 3525 670 3569 oum
688 3505 809 3586 legeret,
824 3503 903 3585 quod
922 3522 977 3584 ego
996 3503 1033 3565 ad
1052 3521 1131 3584 eum,

115 3604 149 3658 ut
171 3600 305 3662 ornatius
324 3598 361 3660 de
379 3597 486 3660 iisdem
503 3596 595 3660 rebus
618 3594 774 3676 scriberet,
792 3596 940 3676 miseram,
963 3609 1024 3656 non
1043 3591 1130 3654 modo
