2646 4056
273 245 303 301 o.
322 245 450 300 neuun
468 242 703 300 nusnmoum.
724 217 976 346 'annunti-2.
1091 244 1132 308 87

446 434 488 520 O.
526 432 807 520 annulus

511 563 735 620 TESTIMONIA

65 674 102 741 l.
134 681 169 741 0.
184 681 323 741 Fannius
338 677 416 754 M.s.
432 679 480 752 (6.
497 679 565 739 IL.
580 680 640 739 Ia.
656 679 726 738 569
736 697 767 755 p.
778 679 855 751 158)
874 681 903 740 0.
914 680 1015 752 Laelii
1025 698 1133 756 perer,

105 789 136 830 a.
169 769 244 828 146.
272 768 339 828 668
369 769 566 843 Certltuptuts
592 771 817 844 'enpupuetiont
844 767 985 843 interfuit
1012 768 1065 844 (fr.
1085 768 1131 843 4),

104 857 184 918 142.
202 857 265 917 612
282 859 358 918 bello
379 855 537 937 Vtriutino,
551 862 622 933 post
640 857 674 916 id
691 858 832 917 tribunus
846 860 897 933 pl,
917 861 998 918 inter
1016 877 1044 918 u.
1059 857 1130 918 129.

109 947 180 1007 625
199 953 230 1008 et
246 946 317 1006 125.
340 943 405 1005 629
422 951 561 1022 praetor,
580 944 650 1005 122.
672 944 737 1004 632
760 948 873 1006 consul.

62 1031 106 1097 2.
133 1038 307 1112 Perperene
324 1051 404 1110 quae
422 1035 466 1095 ud
477 1036 560 1094 tunc
573 1036 738 1111 pertinent,
754 1034 871 1094 duobus
884 1035 1013 1096 Fenne't's
1028 1036 1158 1096 distri-s

105 1127 177 1186 butt
203 1125 264 1185 Cic.
288 1125 375 1184 Brut.
394 1122 448 1198 26,
468 1121 512 1182 99
544 1120 657 1183 Horum
685 1121 831 1183 aetatibus
860 1123 993 1184 adiuncti
1016 1123 1075 1183 duo
1100 1123 1130 1185 C.
1245 1175 1256 1197 s

105 1212 227 1292 Fannii,
250 1211 281 1273 C.
301 1219 331 1272 et
349 1211 386 1272 M.
405 1211 467 1290 filii,
490 1210 626 1291 luerunt3
651 1228 778 1289 quorum
798 1210 850 1272 Gai
874 1211 961 1291 lilius,
986 1213 1038 1290 qui
1062 1229 1131 1272 con·

107 1300 158 1363 sul
182 1320 251 1362 cum
274 1300 402 1361 Domitio
431 1300 487 1360 luit
516 1297 558 1376 [α.
578 1299 648 1360 122.
670 1298 762 1378 632],
786 1318 875 1360 unam
904 1302 1068 1361 orationem
1094 1302 1130 1361 de

106 1392 201 1452 sociis
225 1398 256 1450 ct
277 1391 397 1450 nomine
421 1388 526 1450 Latino
551 1396 655 1449 contra
673 1387 703 1448 G.
723 1387 891 1450 Gracchum
914 1388 1036 1468 reliquit
1060 1409 1130 1450 sane

106 1489 140 1541 et
166 1479 275 1540 bonam
302 1485 333 1539 el
361 1476 497 1540 nobilem.
525 1510 563 1520 -
588 1479 766 1556 praesertim
793 1496 862 1539 cum
885 1477 1016 1539 Fannius
1045 1498 1129 1540 num·
1144 1501 1170 1540 no

107 1586 201 1648 quam
225 1569 264 1628 sit
285 1565 405 1628 habitus
429 1565 564 1646 elinguis
600 1583 669 1626 nam
692 1572 723 1626 et
745 1585 850 1627 causas
879 1566 1070 1629 defensitauit
1101 1577 1130 1629 et

108 1651 283 1718 tribunatus
311 1657 376 1717 elus
404 1653 529 1717 arbitrio
558 1661 588 1715 et
616 1655 793 1716 anctoritate
817 1655 848 1716 P.
872 1655 1004 1717 Africani
1027 1665 1129 1736 gestus

108 1765 171 1806 non
195 1745 341 1806 obscurus
365 1744 429 1804 luit.
466 1743 550 1805 Alter
573 1751 673 1806 autem
696 1742 727 1805 C.
751 1742 896 1824 Fannius,
920 1743 956 1806 Μ.
982 1745 1074 1826 filius,
1098 1746 1129 1806 C.

108 1833 204 1894 Laelii
227 1851 318 1912 gener
342 1840 372 1894 ct
395 1832 529 1893 moribus
553 1840 583 1893 et
606 1834 671 1911 lpso
692 1850 801 1910 genere
821 1833 940 1894 dicendi
963 1834 1074 1896 durior.
1104 1838 1129 1895 is

109 1925 208 1984 soceri
232 1924 382 2001 instituto,
406 1941 508 2002 quem,
533 1923 603 2001 quia
626 1928 782 1998 cooptatus
806 1924 836 1981 in
865 1939 1011 2000 augurum
1042 1923 1169 1985 colle-1⁵

108 2014 192 2091 glum
216 2029 276 2072 non
299 2019 376 2091 erat,
404 2029 464 2070 non
492 2009 650 2070 admodum
674 2007 827 2089 diligebat,
855 2013 1032 2088 praesertim
1060 2031 1129 2073 cum
1187 2081 1189 2085 Α

96 2100 160 2161 ’ἰΙΙε
179 2099 212 2171 Q.
234 2097 406 2161 Scaeuolam
431 2098 489 2159 sibi
511 2101 658 2159 minorem
681 2105 753 2159 natu
773 2115 909 2160 socerum
929 2099 1128 2181 praetulisset,

109 2191 190 2250 -is
204 2197 303 2250 tamen
318 2190 454 2250 instituto
469 2186 563 2248 Laelii
576 2186 749 2248 Panaetium
764 2188 927 2249 audiuerat.
947 2191 1012 2250 eius
1032 2193 1128 2250 omnis

110 2282 142 2339 in
156 2278 281 2339 dicendo
297 2277 422 2338 facultas
436 2295 473 2337 ex
487 2277 612 2337 historia
624 2278 720 2356 ipsius
739 2294 798 2337 non
812 2276 997 2356 ineleganter
1016 2281 1127 2359 scrIpta

112 2369 243 2447 perspici
260 2373 367 2445 polest,
383 2384 459 2445 quac
478 2384 575 2444 neque
596 2367 685 2426 nimis
705 2372 751 2426 est
770 2365 867 2426 inlans
882 2385 979 2446 neque
993 2368 1126 2447 perfecte
1141 2390 1169 2429 no

112 2457 230 2517 diserta.
258 2455 297 2532 cs.
314 2457 352 2516 de
370 2459 447 2530 lepp.
462 2455 523 2528 12,
539 2454 561 2514 6
580 2446 672 2538 (Pice.
693 2457 744 2515 lat.
760 2461 823 2516 test.
838 2449 880 2538 1).

73 2539 112 2605 3.
142 2545 252 2606 Victor.
271 2546 293 2605 I
308 2544 354 2604 26
371 2563 402 2620 p.
416 2543 484 2604 203
502 2543 540 2604 II.
578 2543 737 2603 Sallustius
762 2537 840 2625 [urst.
857 2544 900 2620 fr.
917 2545 938 2605 I
952 2546 973 2605 2
992 2546 1062 2624 Ka]
1084 2581 1126 2590 -

112 2634 216 2695 dat-
230 2633 343 2694 Fannio
357 2635 582 2693 —ueritatem

397 2783 625 2840 FRAGMENTA
642 2783 838 2839 ANNALIVM

496 2889 550 2946 EX
573 2889 700 2946 LIBRO
725 2889 739 2944 I

201 2999 233 3067 l.
259 3007 411 3066 Priscian.
425 3004 516 3065 XIII
524 3004 592 3081 p.8
611 3004 647 3064 II.
675 3002 707 3063 G.
728 3003 859 3064 Fannius
876 3007 908 3065 in
927 3003 941 3064 l
964 2997 1129 3067 annaliumz'

112 3094 184 3156 Cum
202 3096 234 3154 in
253 3096 316 3154 uita
335 3093 447 3172 agenda
460 3091 628 3173 didicimus
646 3091 747 3173 multa,
763 3111 838 3172 quae
857 3095 1126 3172 inpraesentiarum
1140 3115 1166 3156 es

113 3182 186 3244 hona
209 3182 365 3262 uidentur,
388 3187 457 3260 post
479 3185 560 3242 male
583 3183 706 3247 inuenta
730 3188 760 3242 et
782 3181 875 3243 multa
898 3181 1025 3264 amplius
1051 3182 1126 3244 alius

113 3272 190 3333 modi
213 3279 301 3351 atque
325 3275 393 3331 ante
417 3271 483 3331 uisa
505 3277 614 3330 essent.

470 3423 525 3478 EX
546 3422 673 3479 LIBRO
698 3421 765 3478 VIII

199 3532 232 3599 2.
260 3537 546 3614 cnares.1p.124
569 3539 607 3598 II.
645 3536 677 3597 G.
702 3535 833 3598 Fannius
867 3496 1016 3598 annalium
1047 3536 1126 3599 Vlll:

115 3627 232 3688 [lomina
256 3628 330 3706 eius,
353 3625 407 3687 rabi
429 3626 464 3686 ad
488 3625 589 3686 ulllam
612 3633 745 3706 uenerat,
769 3624 891 3686 iubebat
914 3624 1000 3686 biber
1023 3625 1095 3686 dari.
