<?xml version="1.0" encoding="UTF-8"?>
<!DOCTYPE html PUBLIC "-//W3C//DTD XHTML 1.0 Transitional//EN"
    "http://www.w3.org/TR/xhtml1/DTD/xhtml1-transitional.dtd">
<html xmlns="http://www.w3.org/1999/xhtml" xml:lang="en" lang="en">
 <head>
  <title>
</title>
<meta http-equiv="Content-Type" content="text/html;charset=utf-8" />
  <meta name='ocr-system' content='tesseract 3.04.00' />
  <meta name='ocr-capabilities' content='ocr_page ocr_carea ocr_par ocr_line ocrx_word'/>
</head>
<body>
  <div class='ocr_page' id='page_1' title='image "./historicorumrom02petegoog_0107.png"; bbox 0 0 2670 4058; ppageno 0'>
   <div class='ocr_carea' id='block_1_1' title="bbox 107 223 970 286">
    <p class='ocr_par' dir='ltr' id='par_1_1' title="bbox 107 223 970 286">
     <span class='ocr_line' id='line_1_1' title="bbox 107 223 970 286; baseline -0.006 1"><span class='ocrx_word' id='word_1_1' title='bbox 107 225 109 230; x_wconf 64' lang='grc'>’</span> <span class='ocrx_word' id='word_1_2' title='bbox 184 223 228 286; x_wconf 78' lang='grc'><strong>74</strong></span> <span class='ocrx_word' id='word_1_3' title='bbox 397 224 497 280; x_wconf 79' lang='lat' dir='ltr'><strong>FABII</strong></span> <span class='ocrx_word' id='word_1_4' title='bbox 514 223 679 282; x_wconf 71' lang='lat' dir='ltr'><strong>Pronurus</strong></span> <span class='ocrx_word' id='word_1_5' title='bbox 698 225 832 282; x_wconf 78' lang='lat' dir='ltr'><strong>ANNAL.</strong></span> <span class='ocrx_word' id='word_1_6' title='bbox 851 227 970 283; x_wconf 81' lang='lat' dir='ltr'><strong>LA&#39;I&#39;IN.</strong></span> 
     </span>
    </p>
   </div>
   <div class='ocr_carea' id='block_1_2' title="bbox 179 373 1196 547">
    <p class='ocr_par' dir='ltr' id='par_1_2' title="bbox 179 373 1196 547">
     <span class='ocr_line' id='line_1_2' title="bbox 180 373 1196 458; baseline 0.005 -24"><span class='ocrx_word' id='word_1_7' title='bbox 180 381 289 436; x_wconf 80' lang='lat' dir='ltr'><strong>essent.</strong></span> <span class='ocrx_word' id='word_1_8' title='bbox 304 405 346 416; x_wconf 89' lang='lat'><em>-</em></span> <span class='ocrx_word' id='word_1_9' title='bbox 364 407 403 418; x_wconf 93' lang='lat'>—</span> <span class='ocrx_word' id='word_1_10' title='bbox 419 373 501 436; x_wconf 89' lang='lat' dir='ltr'><strong>lnter</strong></span> <span class='ocrx_word' id='word_1_11' title='bbox 515 392 619 436; x_wconf 86' lang='lat' dir='ltr'><strong>omnes</strong></span> <span class='ocrx_word' id='word_1_12' title='bbox 637 393 711 436; x_wconf 89' lang='lat' dir='ltr'><strong>uero</strong></span> <span class='ocrx_word' id='word_1_13' title='bbox 730 379 881 457; x_wconf 88' lang='lat' dir='ltr'><strong>conuenit,</strong></span> <span class='ocrx_word' id='word_1_14' title='bbox 905 377 1046 458; x_wconf 78' lang='lat' dir='ltr'>Sibyllam</span> <span class='ocrx_word' id='word_1_15' title='bbox 1069 377 1104 439; x_wconf 89' lang='lat' dir='ltr'><strong>ad</strong></span> <span class='ocrx_word' id='word_1_16' title='bbox 1124 377 1196 439; x_wconf 86' lang='lat' dir='ltr'><strong>&#39;lar-</strong></span> 
     </span>
     <span class='ocr_line' id='line_1_3' title="bbox 179 462 1195 547; baseline 0.004 -23"><span class='ocrx_word' id='word_1_17' title='bbox 179 463 315 542; x_wconf 91' lang='lat' dir='ltr'><strong>quinium</strong></span> <span class='ocrx_word' id='word_1_18' title='bbox 330 462 499 542; x_wconf 89' lang='lat' dir='ltr'><strong>Superbum</strong></span> <span class='ocrx_word' id='word_1_19' title='bbox 515 473 578 526; x_wconf 89' lang='lat' dir='ltr'><strong>tres</strong></span> <span class='ocrx_word' id='word_1_20' title='bbox 596 463 689 526; x_wconf 86' lang='lat' dir='ltr'><strong>libros</strong></span> <span class='ocrx_word' id='word_1_21' title='bbox 703 465 856 547; x_wconf 78' lang='lat' dir='ltr'><strong>adtulisse,</strong></span> <span class='ocrx_word' id='word_1_22' title='bbox 871 485 907 526; x_wconf 84' lang='lat' dir='ltr'><strong>ex</strong></span> <span class='ocrx_word' id='word_1_23' title='bbox 926 466 1037 546; x_wconf 87' lang='lat' dir='ltr'><strong>quibus</strong></span> <span class='ocrx_word' id='word_1_24' title='bbox 1056 469 1117 528; x_wconf 92' lang='lat' dir='ltr'><strong>sint</strong></span> <span class='ocrx_word' id='word_1_25' title='bbox 1135 467 1195 528; x_wconf 86' lang='lat' dir='ltr'><strong>duo</strong></span> 
     </span>
    </p>
   </div>
   <div class='ocr_carea' id='block_1_3' title="bbox 96 551 1194 760">
    <p class='ocr_par' dir='ltr' id='par_1_3' title="bbox 96 551 1194 760">
     <span class='ocr_line' id='line_1_4' title="bbox 178 551 1194 635; baseline 0.006 -24"><span class='ocrx_word' id='word_1_26' title='bbox 178 553 303 612; x_wconf 86' lang='lat' dir='ltr'><strong>cremati</strong></span> <span class='ocrx_word' id='word_1_27' title='bbox 325 551 361 612; x_wconf 89' lang='lat' dir='ltr'><strong>ab</strong></span> <span class='ocrx_word' id='word_1_28' title='bbox 380 553 454 633; x_wconf 87' lang='lat' dir='ltr'><strong>ipsa,</strong></span> <span class='ocrx_word' id='word_1_29' title='bbox 472 555 580 614; x_wconf 87' lang='lat' dir='ltr'><strong>tertius</strong></span> <span class='ocrx_word' id='word_1_30' title='bbox 599 571 667 616; x_wconf 90' lang='lat' dir='ltr'><strong>oum</strong></span> <span class='ocrx_word' id='word_1_31' title='bbox 686 553 830 633; x_wconf 85' lang='lat' dir='ltr'><strong>Capitolio</strong></span> <span class='ocrx_word' id='word_1_32' title='bbox 850 554 980 617; x_wconf 76' lang='lat' dir='ltr'><strong>Sullanis</strong></span> <span class='ocrx_word' id='word_1_33' title='bbox 999 554 1194 635; x_wconf 84' lang='lat' dir='ltr'><strong>temporibus.</strong></span> 
     </span>
     <span class='ocr_line' id='line_1_5' title="bbox 96 631 916 760; baseline 0.002 -58"><span class='ocrx_word' id='word_1_34' title='bbox 96 709 148 760; x_wconf 67' lang='lat' dir='ltr'><em>m</em></span> <span class='ocrx_word' id='word_1_35' title='bbox 180 631 236 722; x_wconf 82' lang='lat' dir='ltr'><strong>(cs.</strong></span> <span class='ocrx_word' id='word_1_36' title='bbox 251 642 351 703; x_wconf 75' lang='lat' dir='ltr'><strong>Passa.</strong></span> <span class='ocrx_word' id='word_1_37' title='bbox 369 641 411 716; x_wconf 75' lang='lat' dir='ltr'><strong>fr.</strong></span> <span class='ocrx_word' id='word_1_38' title='bbox 425 643 477 702; x_wconf 88' lang='lat'><strong>35.</strong></span> <span class='ocrx_word' id='word_1_39' title='bbox 500 643 596 704; x_wconf 79' lang='lat' dir='ltr'><strong>Tradit.</strong></span> <span class='ocrx_word' id='word_1_40' title='bbox 611 644 641 703; x_wconf 90' lang='lat'><strong>3.</strong></span> <span class='ocrx_word' id='word_1_41' title='bbox 667 643 765 706; x_wconf 84' lang='lat' dir='ltr'><strong>Voler.</strong></span> <span class='ocrx_word' id='word_1_42' title='bbox 783 637 916 727; x_wconf 85' lang='lat'><strong>7-10.)</strong></span> 
     </span>
    </p>
   </div>
   <div class='ocr_carea' id='block_1_4' title="bbox 73 692 1222 1120">
    <p class='ocr_par' dir='ltr' id='par_1_4' title="bbox 73 692 1222 1027">
     <span class='ocr_line' id='line_1_6' title="bbox 73 692 1222 862; baseline 0.006 -64"><span class='ocrx_word' id='word_1_43' title='bbox 73 692 168 862; x_wconf 76' lang='grc'><strong>(-)</strong></span> <span class='ocrx_word' id='word_1_44' title='bbox 269 733 733 803; x_wconf 70' lang='lat' dir='ltr'><strong>38*.sero.ou.Aea.1421</strong></span> <span class='ocrx_word' id='word_1_45' title='bbox 756 741 876 805; x_wconf 78' lang='lat' dir='ltr'><strong>Cassius</strong></span> <span class='ocrx_word' id='word_1_46' title='bbox 890 741 1014 804; x_wconf 90' lang='lat' dir='ltr'><strong>Hemina</strong></span> <span class='ocrx_word' id='word_1_47' title='bbox 1033 743 1121 804; x_wconf 88' lang='lat' dir='ltr'><strong>docet</strong></span> <span class='ocrx_word' id='word_1_48' title='bbox 1140 745 1222 805; x_wconf 79' lang='lat' dir='ltr'><strong>ita:⁵</strong></span> 
     </span>
     <span class='ocr_line' id='line_1_7' title="bbox 95 799 1194 912; baseline 0.005 -24"><span class='ocrx_word' id='word_1_49' title='bbox 95 799 147 850; x_wconf 78' lang='lat'><strong>⁶⁸⁰</strong></span> <span class='ocrx_word' id='word_1_50' title='bbox 180 828 338 890; x_wconf 87' lang='lat' dir='ltr'><strong>Sinuessae</strong></span> <span class='ocrx_word' id='word_1_51' title='bbox 353 827 475 909; x_wconf 83' lang='lat' dir='ltr'><strong>magalia</strong></span> <span class='ocrx_word' id='word_1_52' title='bbox 497 829 629 891; x_wconf 86' lang='lat' dir='ltr'><strong>addenda</strong></span> <span class='ocrx_word' id='word_1_53' title='bbox 650 849 830 912; x_wconf 88' lang='lat' dir='ltr'><strong>murumque</strong></span> <span class='ocrx_word' id='word_1_54' title='bbox 854 833 967 893; x_wconf 91' lang='lat' dir='ltr'><strong>circum</strong></span> <span class='ocrx_word' id='word_1_55' title='bbox 991 835 1074 906; x_wconf 84' lang='lat' dir='ltr'><strong>ea(</strong></span> <span class='ocrx_word' id='word_1_56' title='bbox 1057 831 1111 908; x_wconf 82' lang='lat' dir='ltr'><strong>(cs.</strong></span> <span class='ocrx_word' id='word_1_57' title='bbox 1126 833 1194 894; x_wconf 82' lang='lat' dir='ltr'><strong>Liu.</strong></span> 
     </span>
     <span class='ocr_line' id='line_1_8' title="bbox 116 913 475 1120; baseline 0.006 -143.011"><span class='ocrx_word' id='word_1_58' title='bbox 116 918 331 1120; x_wconf 64' lang='lat' dir='ltr'><strong>133XXXXI</strong></span> <span class='ocrx_word' id='word_1_59' title='bbox 343 913 475 1002; x_wconf 81' lang='lat'><strong>27,12.)</strong></span> 
     </span>
    </p>
   </div>
   <div class='ocr_carea' id='block_1_5' title="bbox 115 1011 1235 1454">
    <p class='ocr_par' dir='ltr' id='par_1_5' title="bbox 115 1011 1235 1454">
     <span class='ocr_line' id='line_1_9' title="bbox 115 1011 1194 1093; baseline 0.003 -15"><span class='ocrx_word' id='word_1_60' title='bbox 115 1049 170 1058; x_wconf 78' lang='lat'>-</span> <span class='ocrx_word' id='word_1_61' title='bbox 268 1011 352 1080; x_wconf 66' lang='lat'><strong>39²⁸.</strong></span> <span class='ocrx_word' id='word_1_62' title='bbox 380 1017 534 1080; x_wconf 79' lang='lat' dir='ltr'><strong>Censorio.</strong></span> <span class='ocrx_word' id='word_1_63' title='bbox 553 1019 637 1078; x_wconf 82' lang='lat' dir='ltr'><strong>ded.</strong></span> <span class='ocrx_word' id='word_1_64' title='bbox 657 1019 786 1093; x_wconf 85' lang='lat' dir='ltr'><strong>not17,</strong></span> <span class='ocrx_word' id='word_1_65' title='bbox 805 1019 844 1078; x_wconf 87' lang='lat'><strong>11</strong></span> <span class='ocrx_word' id='word_1_66' title='bbox 880 1018 918 1079; x_wconf 78' lang='lat' dir='ltr'><strong>At</strong></span> <span class='ocrx_word' id='word_1_67' title='bbox 941 1017 1008 1079; x_wconf 87' lang='lat' dir='ltr'><strong>Piso</strong></span> <span class='ocrx_word' id='word_1_68' title='bbox 1032 1017 1194 1081; x_wconf 87' lang='lat' dir='ltr'><strong>Censorius</strong></span> 
     </span>
     <span class='ocr_line' id='line_1_10' title="bbox 116 1068 1193 1190; baseline 0.004 -24.257"><span class='ocrx_word' id='word_1_69' title='bbox 116 1068 239 1184; x_wconf 65' lang='lat' dir='ltr'><strong>6⁰⁸[sr.</strong></span> <span class='ocrx_word' id='word_1_70' title='bbox 258 1103 316 1184; x_wconf 80' lang='lat'><strong>39]</strong></span> <span class='ocrx_word' id='word_1_71' title='bbox 345 1113 376 1168; x_wconf 88' lang='lat' dir='ltr'><strong>et</strong></span> <span class='ocrx_word' id='word_1_72' title='bbox 399 1103 451 1167; x_wconf 88' lang='lat' dir='ltr'><strong>Cn.</strong></span> <span class='ocrx_word' id='word_1_73' title='bbox 475 1105 587 1167; x_wconf 84' lang='lat' dir='ltr'><strong>Gellius</strong></span> <span class='ocrx_word' id='word_1_74' title='bbox 611 1105 669 1184; x_wconf 77' lang='lat' dir='ltr'><strong>[fr</strong></span> <span class='ocrx_word' id='word_1_75' title='bbox 689 1106 748 1186; x_wconf 87' lang='lat'><strong>27]</strong></span> <span class='ocrx_word' id='word_1_76' title='bbox 777 1107 828 1169; x_wconf 88' lang='lat' dir='ltr'><strong>sed</strong></span> <span class='ocrx_word' id='word_1_77' title='bbox 858 1117 888 1168; x_wconf 90' lang='lat' dir='ltr'><strong>et</strong></span> <span class='ocrx_word' id='word_1_78' title='bbox 916 1105 1036 1169; x_wconf 87' lang='lat' dir='ltr'><strong>Cassius</strong></span> <span class='ocrx_word' id='word_1_79' title='bbox 1059 1105 1193 1190; x_wconf 85' lang='lat' dir='ltr'><strong>Hemina,</strong></span> 
     </span>
     <span class='ocr_line' id='line_1_11' title="bbox 178 1193 1235 1275; baseline 0.003 -20"><span class='ocrx_word' id='word_1_80' title='bbox 178 1197 231 1274; x_wconf 86' lang='lat' dir='ltr'><strong>qui</strong></span> <span class='ocrx_word' id='word_1_81' title='bbox 253 1193 304 1255; x_wconf 93' lang='lat' dir='ltr'><strong>illo</strong></span> <span class='ocrx_word' id='word_1_82' title='bbox 328 1202 461 1273; x_wconf 89' lang='lat' dir='ltr'><strong>tempore</strong></span> <span class='ocrx_word' id='word_1_83' title='bbox 485 1193 621 1275; x_wconf 85' lang='lat' dir='ltr'><strong>niuebat,</strong></span> <span class='ocrx_word' id='word_1_84' title='bbox 645 1194 785 1273; x_wconf 83' lang='lat' dir='ltr'><strong>[quartos</strong></span> <span class='ocrx_word' id='word_1_85' title='bbox 805 1199 893 1260; x_wconf 81' lang='lat' dir='ltr'><strong>ludos</strong></span> <span class='ocrx_word' id='word_1_86' title='bbox 910 1195 1101 1274; x_wconf 82' lang='lat' dir='ltr'><strong>saeculares]</strong></span> <span class='ocrx_word' id='word_1_87' title='bbox 1124 1205 1194 1275; x_wconf 89' lang='lat' dir='ltr'><strong>post</strong></span> <span class='ocrx_word' id='word_1_88' title='bbox 1209 1209 1235 1250; x_wconf 85' lang='lat'><strong>1⁰</strong></span> 
     </span>
     <span class='ocr_line' id='line_1_12' title="bbox 178 1283 1192 1366; baseline 0.002 -22"><span class='ocrx_word' id='word_1_89' title='bbox 178 1302 288 1344; x_wconf 90' lang='lat' dir='ltr'><strong>anuum</strong></span> <span class='ocrx_word' id='word_1_90' title='bbox 312 1283 405 1344; x_wconf 82' lang='lat' dir='ltr'><strong>factos</strong></span> <span class='ocrx_word' id='word_1_91' title='bbox 429 1285 551 1346; x_wconf 90' lang='lat' dir='ltr'><strong>tertium</strong></span> <span class='ocrx_word' id='word_1_92' title='bbox 580 1283 748 1366; x_wconf 86' lang='lat' dir='ltr'><strong>adfirmant,</strong></span> <span class='ocrx_word' id='word_1_93' title='bbox 773 1283 826 1347; x_wconf 86' lang='lat' dir='ltr'><strong>Cn.</strong></span> <span class='ocrx_word' id='word_1_94' title='bbox 849 1284 987 1347; x_wconf 87' lang='lat' dir='ltr'><strong>Cornelio</strong></span> <span class='ocrx_word' id='word_1_95' title='bbox 1010 1284 1136 1348; x_wconf 88' lang='lat' dir='ltr'><strong>Lentulo</strong></span> <span class='ocrx_word' id='word_1_96' title='bbox 1160 1285 1192 1346; x_wconf 88' lang='lat' dir='ltr'><strong>L.</strong></span> 
     </span>
     <span class='ocr_line' id='line_1_13' title="bbox 178 1371 1046 1454; baseline 0.002 -22"><span class='ocrx_word' id='word_1_97' title='bbox 178 1371 321 1433; x_wconf 85' lang='lat' dir='ltr'><strong>Mummio</strong></span> <span class='ocrx_word' id='word_1_98' title='bbox 343 1371 471 1433; x_wconf 77' lang='lat' dir='ltr'><strong>Achaico</strong></span> <span class='ocrx_word' id='word_1_99' title='bbox 495 1371 677 1454; x_wconf 87' lang='lat' dir='ltr'><strong>oonsulibus,</strong></span> <span class='ocrx_word' id='word_1_100' title='bbox 700 1373 729 1434; x_wconf 88' lang='lat' dir='ltr'><strong>id</strong></span> <span class='ocrx_word' id='word_1_101' title='bbox 754 1381 800 1435; x_wconf 87' lang='lat' dir='ltr'><strong>est</strong></span> <span class='ocrx_word' id='word_1_102' title='bbox 824 1392 900 1435; x_wconf 86' lang='lat' dir='ltr'><strong>anuo</strong></span> <span class='ocrx_word' id='word_1_103' title='bbox 924 1389 1046 1437; x_wconf 81' lang='lat' dir='ltr'><strong>novur.</strong></span> 
     </span>
    </p>
   </div>
   <div class='ocr_carea' id='block_1_6' title="bbox 397 1541 980 1600">
    <p class='ocr_par' dir='ltr' id='par_1_6' title="bbox 397 1541 980 1600">
     <span class='ocr_line' id='line_1_14' title="bbox 397 1541 980 1600; baseline 0.007 -4"><span class='ocrx_word' id='word_1_104' title='bbox 397 1541 579 1598; x_wconf 77' lang='lat' dir='ltr'><strong>INCERTAE</strong></span> <span class='ocrx_word' id='word_1_105' title='bbox 599 1541 701 1598; x_wconf 77' lang='lat' dir='ltr'><strong>sums</strong></span> <span class='ocrx_word' id='word_1_106' title='bbox 720 1541 980 1600; x_wconf 73' lang='lat' dir='ltr'>FRAGMENTVM</span> 
     </span>
    </p>
   </div>
   <div class='ocr_carea' id='block_1_7' title="bbox 178 1649 1192 1824">
    <p class='ocr_par' dir='ltr' id='par_1_7' title="bbox 178 1649 1192 1824">
     <span class='ocr_line' id='line_1_15' title="bbox 215 1649 1192 1734; baseline 0.004 -19"><span class='ocrx_word' id='word_1_107' title='bbox 215 1719 217 1728; x_wconf 25' lang='lat'><strong>¹</strong></span> <span class='ocrx_word' id='word_1_108' title='bbox 267 1649 326 1720; x_wconf 81' lang='lat'><strong>40.</strong></span> <span class='ocrx_word' id='word_1_109' title='bbox 351 1657 502 1718; x_wconf 79' lang='lat' dir='ltr'><strong>Priscian.</strong></span> <span class='ocrx_word' id='word_1_110' title='bbox 525 1656 606 1717; x_wconf 86' lang='lat' dir='ltr'><em>VIII</em></span> <span class='ocrx_word' id='word_1_111' title='bbox 615 1676 646 1734; x_wconf 87' lang='lat' dir='ltr'><strong>p.</strong></span> <span class='ocrx_word' id='word_1_112' title='bbox 661 1657 728 1718; x_wconf 77' lang='lat'><strong>380</strong></span> <span class='ocrx_word' id='word_1_113' title='bbox 746 1659 783 1719; x_wconf 87' lang='lat' dir='ltr'><strong>H.</strong></span> <span class='ocrx_word' id='word_1_114' title='bbox 810 1657 928 1720; x_wconf 83' lang='lat' dir='ltr'><strong>Cassius</strong></span> <span class='ocrx_word' id='word_1_115' title='bbox 948 1658 1098 1720; x_wconf 87' lang='lat' dir='ltr'><strong>similiter:</strong></span> <span class='ocrx_word' id='word_1_116' title='bbox 1121 1658 1192 1720; x_wconf 87' lang='lat' dir='ltr'><strong>adu-</strong></span> 
     </span>
     <span class='ocr_line' id='line_1_16' title="bbox 178 1743 819 1824; baseline 0.005 -19"><span class='ocrx_word' id='word_1_117' title='bbox 178 1743 289 1824; x_wconf 89' lang='lat' dir='ltr'><strong>latique</strong></span> <span class='ocrx_word' id='word_1_118' title='bbox 314 1754 399 1806; x_wconf 89' lang='lat' dir='ltr'><strong>erant</strong></span> <span class='ocrx_word' id='word_1_119' title='bbox 422 1743 458 1805; x_wconf 92' lang='lat' dir='ltr'><strong>ab</strong></span> <span class='ocrx_word' id='word_1_120' title='bbox 482 1747 584 1806; x_wconf 88' lang='lat' dir='ltr'><strong>amicis</strong></span> <span class='ocrx_word' id='word_1_121' title='bbox 609 1754 638 1806; x_wconf 89' lang='lat' dir='ltr'><strong>et</strong></span> <span class='ocrx_word' id='word_1_122' title='bbox 661 1745 819 1808; x_wconf 85' lang='lat' dir='ltr'><strong>adhortati.</strong></span> 
     </span>
    </p>
   </div>
   <div class='ocr_carea' id='block_1_8' title="bbox 244 2015 1122 2104">
    <p class='ocr_par' dir='ltr' id='par_1_8' title="bbox 244 2015 1122 2104">
     <span class='ocr_line' id='line_1_17' title="bbox 244 2015 1122 2104; baseline 0.001 -4"><span class='ocrx_word' id='word_1_123' title='bbox 244 2015 394 2100; x_wconf 79' lang='lat' dir='ltr'>FABII</span> <span class='ocrx_word' id='word_1_124' title='bbox 417 2015 656 2104; x_wconf 76' lang='lat' dir='ltr'>PICTORIS</span> <span class='ocrx_word' id='word_1_125' title='bbox 681 2016 921 2104; x_wconf 73' lang='lat' dir='ltr'><strong>lustuns</strong></span> <span class='ocrx_word' id='word_1_126' title='bbox 944 2016 1122 2102; x_wconf 80' lang='lat' dir='ltr'><strong>LATINI</strong></span> 
     </span>
    </p>
   </div>
   <div class='ocr_carea' id='block_1_9' title="bbox 570 2164 795 2222">
    <p class='ocr_par' dir='ltr' id='par_1_9' title="bbox 570 2164 795 2222">
     <span class='ocr_line' id='line_1_18' title="bbox 570 2164 795 2222; baseline 0.004 -3"><span class='ocrx_word' id='word_1_127' title='bbox 570 2164 795 2222; x_wconf 76' lang='lat' dir='ltr'>TESTIMONIA</span> 
     </span>
    </p>
   </div>
   <div class='ocr_carea' id='block_1_10' title="bbox 21 2272 1316 3693">
    <p class='ocr_par' dir='ltr' id='par_1_10' title="bbox 21 2272 1316 3693">
     <span class='ocr_line' id='line_1_19' title="bbox 146 2272 1232 2361; baseline 0.004 -22"><span class='ocrx_word' id='word_1_128' title='bbox 146 2272 179 2342; x_wconf 90' lang='lat' dir='ltr'><strong>l.</strong></span> <span class='ocrx_word' id='word_1_129' title='bbox 202 2280 263 2340; x_wconf 79' lang='lat' dir='ltr'><strong>Cic.</strong></span> <span class='ocrx_word' id='word_1_130' title='bbox 273 2279 312 2340; x_wconf 82' lang='lat' dir='ltr'><strong>dc</strong></span> <span class='ocrx_word' id='word_1_131' title='bbox 322 2285 399 2340; x_wconf 85' lang='lat' dir='ltr'><strong>orat.</strong></span> <span class='ocrx_word' id='word_1_132' title='bbox 411 2279 450 2339; x_wconf 92' lang='grc' dir='ltr'><strong>ΙΙ</strong></span> <span class='ocrx_word' id='word_1_133' title='bbox 460 2279 509 2354; x_wconf 87' lang='lat'><strong>12,</strong></span> <span class='ocrx_word' id='word_1_134' title='bbox 519 2280 560 2340; x_wconf 85' lang='lat'><strong>51</strong></span> <span class='ocrx_word' id='word_1_135' title='bbox 569 2279 669 2361; x_wconf 80' lang='lat' dir='ltr'><strong>Atqui,</strong></span> <span class='ocrx_word' id='word_1_136' title='bbox 676 2297 714 2341; x_wconf 90' lang='lat' dir='ltr'><strong>ne</strong></span> <span class='ocrx_word' id='word_1_137' title='bbox 725 2287 843 2342; x_wconf 88' lang='lat' dir='ltr'><strong>nostros</strong></span> <span class='ocrx_word' id='word_1_138' title='bbox 853 2288 1077 2360; x_wconf 85' lang='lat' dir='ltr'><strong>contemnas,-·</strong></span> <span class='ocrx_word' id='word_1_139' title='bbox 1086 2277 1192 2340; x_wconf 85' lang='lat' dir='ltr'><strong>Graeci</strong></span> <span class='ocrx_word' id='word_1_140' title='bbox 1206 2301 1232 2343; x_wconf 80' lang='lat' dir='ltr'><strong>aa</strong></span> 
     </span>
     <span class='ocr_line' id='line_1_20' title="bbox 179 2367 1316 2480; baseline 0.002 -53"><span class='ocrx_word' id='word_1_141' title='bbox 179 2385 298 2447; x_wconf 85' lang='lat' dir='ltr'><strong>quoque</strong></span> <span class='ocrx_word' id='word_1_142' title='bbox 313 2368 372 2447; x_wconf 88' lang='lat' dir='ltr'><strong>ipsi</strong></span> <span class='ocrx_word' id='word_1_143' title='bbox 385 2369 429 2428; x_wconf 87' lang='lat' dir='ltr'><strong>sio</strong></span> <span class='ocrx_word' id='word_1_144' title='bbox 444 2369 529 2430; x_wconf 93' lang='lat' dir='ltr'><strong>initio</strong></span> <span class='ocrx_word' id='word_1_145' title='bbox 544 2371 760 2450; x_wconf 83' lang='lat' dir='ltr'><strong>scriptitarunt,</strong></span> <span class='ocrx_word' id='word_1_146' title='bbox 774 2377 809 2431; x_wconf 91' lang='lat' dir='ltr'><strong>ut</strong></span> <span class='ocrx_word' id='word_1_147' title='bbox 822 2377 925 2430; x_wconf 92' lang='lat' dir='ltr'><strong>noster</strong></span> <span class='ocrx_word' id='word_1_148' title='bbox 939 2367 1019 2448; x_wconf 82' lang='lat' dir='ltr'><strong>Cato,</strong></span> <span class='ocrx_word' id='word_1_149' title='bbox 1034 2376 1068 2431; x_wconf 93' lang='lat' dir='ltr'><strong>ut</strong></span> <span class='ocrx_word' id='word_1_150' title='bbox 1082 2367 1192 2448; x_wconf 85' lang='lat' dir='ltr'><strong>Pictor,</strong></span> <span class='ocrx_word' id='word_1_151' title='bbox 1315 2413 1316 2480; x_wconf 45' lang='lat' dir='ltr'><strong>p</strong></span> 
     </span>
     <span class='ocr_line' id='line_1_21' title="bbox 178 2454 1316 2522; baseline 0.002 -5"><span class='ocrx_word' id='word_1_152' title='bbox 178 2466 213 2517; x_wconf 90' lang='lat' dir='ltr'><strong>ut</strong></span> <span class='ocrx_word' id='word_1_153' title='bbox 236 2454 313 2516; x_wconf 87' lang='lat' dir='ltr'><strong>Piso.</strong></span> <span class='ocrx_word' id='word_1_154' title='bbox 337 2458 503 2518; x_wconf 90' lang='lat' dir='ltr'><strong>eratenim</strong></span> <span class='ocrx_word' id='word_1_155' title='bbox 526 2457 651 2522; x_wconf 85' lang='lat' dir='ltr'><strong>historia</strong></span> <span class='ocrx_word' id='word_1_156' title='bbox 674 2458 749 2518; x_wconf 88' lang='lat' dir='ltr'><strong>nihil</strong></span> <span class='ocrx_word' id='word_1_157' title='bbox 772 2458 851 2520; x_wconf 87' lang='lat' dir='ltr'><strong>aliud</strong></span> <span class='ocrx_word' id='word_1_158' title='bbox 875 2459 935 2520; x_wconf 88' lang='lat' dir='ltr'><strong>nisi</strong></span> <span class='ocrx_word' id='word_1_159' title='bbox 952 2456 1101 2518; x_wconf 90' lang='lat' dir='ltr'><strong>annalium</strong></span> <span class='ocrx_word' id='word_1_160' title='bbox 1120 2475 1190 2519; x_wconf 89' lang='lat' dir='ltr'><strong>eon·</strong></span> <span class='ocrx_word' id='word_1_161' title='bbox 1315 2485 1316 2500; x_wconf 27' lang='grc' dir='ltr'><strong>κ</strong></span> 
     </span>
     <span class='ocr_line' id='line_1_22' title="bbox 179 2541 1191 2625; baseline 0.002 -20"><span class='ocrx_word' id='word_1_162' title='bbox 179 2545 277 2606; x_wconf 84' lang='lat' dir='ltr'><strong>lectio.</strong></span> <span class='ocrx_word' id='word_1_163' title='bbox 293 2541 367 2625; x_wconf 82' lang='lat' dir='ltr'><strong>[seq.</strong></span> <span class='ocrx_word' id='word_1_164' title='bbox 378 2563 449 2608; x_wconf 85' lang='lat' dir='ltr'><strong>aaa.</strong></span> <span class='ocrx_word' id='word_1_165' title='bbox 459 2565 540 2608; x_wconf 76' lang='lat' dir='ltr'><strong>max.</strong></span> <span class='ocrx_word' id='word_1_166' title='bbox 551 2554 615 2610; x_wconf 86' lang='lat' dir='ltr'><strong>test.</strong></span> <span class='ocrx_word' id='word_1_167' title='bbox 625 2545 666 2624; x_wconf 90' lang='grc'><strong>1.]</strong></span> <span class='ocrx_word' id='word_1_168' title='bbox 686 2547 769 2608; x_wconf 89' lang='lat' dir='ltr'><strong>llaue</strong></span> <span class='ocrx_word' id='word_1_169' title='bbox 784 2546 1008 2609; x_wconf 85' lang='lat' dir='ltr'><strong>similitudinem</strong></span> <span class='ocrx_word' id='word_1_170' title='bbox 1019 2544 1191 2624; x_wconf 80' lang='lat' dir='ltr'><strong>[canalium</strong></span> 
     </span>
     <span class='ocr_line' id='line_1_23' title="bbox 178 2633 1190 2717; baseline -0.001 -22"><span class='ocrx_word' id='word_1_171' title='bbox 178 2633 394 2713; x_wconf 81' lang='lat' dir='ltr'><strong>maximorum]</strong></span> <span class='ocrx_word' id='word_1_172' title='bbox 407 2634 557 2697; x_wconf 86' lang='lat' dir='ltr'><strong>scribendi</strong></span> <span class='ocrx_word' id='word_1_173' title='bbox 571 2636 658 2697; x_wconf 92' lang='lat' dir='ltr'><strong>multi</strong></span> <span class='ocrx_word' id='word_1_174' title='bbox 672 2638 769 2698; x_wconf 88' lang='lat' dir='ltr'><strong>secuti</strong></span> <span class='ocrx_word' id='word_1_175' title='bbox 783 2645 861 2717; x_wconf 85' lang='lat' dir='ltr'><strong>sunt,</strong></span> <span class='ocrx_word' id='word_1_176' title='bbox 877 2637 1006 2715; x_wconf 87' lang='lat' dir='ltr'><strong>quisine</strong></span> <span class='ocrx_word' id='word_1_177' title='bbox 1021 2633 1091 2697; x_wconf 90' lang='lat' dir='ltr'><strong>ullis</strong></span> <span class='ocrx_word' id='word_1_178' title='bbox 1105 2653 1190 2695; x_wconf 88' lang='lat' dir='ltr'><strong>orna-</strong></span> 
     </span>
     <span class='ocr_line' id='line_1_24' title="bbox 178 2722 1241 2808; baseline 0.002 -24"><span class='ocrx_word' id='word_1_179' title='bbox 178 2725 288 2784; x_wconf 83' lang='lat' dir='ltr'><strong>mentis</strong></span> <span class='ocrx_word' id='word_1_180' title='bbox 315 2732 505 2786; x_wconf 89' lang='lat' dir='ltr'><strong>monumenta</strong></span> <span class='ocrx_word' id='word_1_181' title='bbox 534 2724 630 2786; x_wconf 87' lang='lat' dir='ltr'><strong>solum</strong></span> <span class='ocrx_word' id='word_1_182' title='bbox 657 2732 841 2805; x_wconf 85' lang='lat' dir='ltr'><strong>temporum,</strong></span> <span class='ocrx_word' id='word_1_183' title='bbox 867 2725 1033 2804; x_wconf 89' lang='lat' dir='ltr'><strong>hominum,</strong></span> <span class='ocrx_word' id='word_1_184' title='bbox 1056 2722 1191 2784; x_wconf 85' lang='lat' dir='ltr'><strong>locorum</strong></span> <span class='ocrx_word' id='word_1_185' title='bbox 1205 2745 1241 2808; x_wconf 16' lang='lat' dir='ltr'><strong>ao*</strong></span> 
     </span>
     <span class='ocr_line' id='line_1_25' title="bbox 179 2811 1190 2894; baseline -0.003 -20"><span class='ocrx_word' id='word_1_186' title='bbox 179 2820 389 2892; x_wconf 82' lang='lat' dir='ltr'><strong>gestarumque</strong></span> <span class='ocrx_word' id='word_1_187' title='bbox 412 2830 513 2874; x_wconf 89' lang='lat' dir='ltr'><strong>rerum</strong></span> <span class='ocrx_word' id='word_1_188' title='bbox 531 2812 727 2893; x_wconf 85' lang='lat' dir='ltr'><strong>reliquerunt.</strong></span> <span class='ocrx_word' id='word_1_189' title='bbox 771 2815 871 2894; x_wconf 88' lang='lat' dir='ltr'><strong>itaque</strong></span> <span class='ocrx_word' id='word_1_190' title='bbox 891 2812 986 2893; x_wconf 87' lang='lat' dir='ltr'><strong>qualis</strong></span> <span class='ocrx_word' id='word_1_191' title='bbox 1005 2812 1081 2891; x_wconf 89' lang='lat' dir='ltr'><strong>apud</strong></span> <span class='ocrx_word' id='word_1_192' title='bbox 1102 2811 1190 2872; x_wconf 87' lang='lat' dir='ltr'><strong>Grae-</strong></span> 
     </span>
     <span class='ocr_line' id='line_1_26' title="bbox 179 2899 1316 2983; baseline 0 -21"><span class='ocrx_word' id='word_1_193' title='bbox 179 2919 230 2962; x_wconf 91' lang='lat' dir='ltr'><strong>oos</strong></span> <span class='ocrx_word' id='word_1_194' title='bbox 249 2900 449 2982; x_wconf 78' lang='lat' dir='ltr'><strong>Pherecydes,</strong></span> <span class='ocrx_word' id='word_1_195' title='bbox 472 2900 657 2983; x_wconf 85' lang='lat' dir='ltr'><strong>Hellanicus,</strong></span> <span class='ocrx_word' id='word_1_196' title='bbox 679 2902 814 2965; x_wconf 76' lang='lat' dir='ltr'><strong>Acusilas</strong></span> <span class='ocrx_word' id='word_1_197' title='bbox 837 2903 894 2964; x_wconf 88' lang='lat' dir='ltr'><strong>luit</strong></span> <span class='ocrx_word' id='word_1_198' title='bbox 913 2901 1021 2981; x_wconf 90' lang='lat' dir='ltr'><strong>aliique</strong></span> <span class='ocrx_word' id='word_1_199' title='bbox 1040 2899 1191 2982; x_wconf 81' lang='lat' dir='ltr'><strong>permulti,</strong></span> <span class='ocrx_word' id='word_1_200' title='bbox 1315 2921 1316 2926; x_wconf 49' lang='lat'>¹</span> 
     </span>
     <span class='ocr_line' id='line_1_27' title="bbox 178 2989 1191 3072; baseline 0 -22"><span class='ocrx_word' id='word_1_201' title='bbox 178 2989 246 3051; x_wconf 89' lang='lat' dir='ltr'><strong>talis</strong></span> <span class='ocrx_word' id='word_1_202' title='bbox 265 2998 367 3052; x_wconf 87' lang='lat' dir='ltr'><strong>nostor</strong></span> <span class='ocrx_word' id='word_1_203' title='bbox 381 2990 454 3052; x_wconf 84' lang='lat' dir='ltr'><strong>Cato</strong></span> <span class='ocrx_word' id='word_1_204' title='bbox 472 2999 503 3052; x_wconf 88' lang='lat' dir='ltr'><strong>et</strong></span> <span class='ocrx_word' id='word_1_205' title='bbox 516 2991 618 3053; x_wconf 86' lang='lat' dir='ltr'><strong>Pictor</strong></span> <span class='ocrx_word' id='word_1_206' title='bbox 637 3000 667 3053; x_wconf 87' lang='lat' dir='ltr'><strong>et</strong></span> <span class='ocrx_word' id='word_1_207' title='bbox 680 2991 763 3072; x_wconf 85' lang='lat' dir='ltr'><strong>Piso,</strong></span> <span class='ocrx_word' id='word_1_208' title='bbox 782 2994 835 3072; x_wconf 93' lang='lat' dir='ltr'><strong>qui</strong></span> <span class='ocrx_word' id='word_1_209' title='bbox 853 3009 950 3072; x_wconf 88' lang='lat' dir='ltr'><strong>neque</strong></span> <span class='ocrx_word' id='word_1_210' title='bbox 965 2999 1068 3053; x_wconf 90' lang='lat' dir='ltr'><strong>tenent</strong></span> <span class='ocrx_word' id='word_1_211' title='bbox 1081 2989 1191 3070; x_wconf 86' lang='lat' dir='ltr'><strong>quibus</strong></span> 
     </span>
     <span class='ocr_line' id='line_1_28' title="bbox 179 3074 1316 3162; baseline -0.002 -23"><span class='ocrx_word' id='word_1_212' title='bbox 179 3078 270 3140; x_wconf 88' lang='lat' dir='ltr'><strong>rebus</strong></span> <span class='ocrx_word' id='word_1_213' title='bbox 294 3087 419 3140; x_wconf 92' lang='lat' dir='ltr'><strong>ornetur</strong></span> <span class='ocrx_word' id='word_1_214' title='bbox 440 3080 565 3141; x_wconf 87' lang='lat' dir='ltr'><strong>historia</strong></span> <span class='ocrx_word' id='word_1_215' title='bbox 588 3074 690 3162; x_wconf 87' lang='lat' dir='ltr'><strong>(modo</strong></span> <span class='ocrx_word' id='word_1_216' title='bbox 718 3083 798 3142; x_wconf 90' lang='lat' dir='ltr'><strong>enim</strong></span> <span class='ocrx_word' id='word_1_217' title='bbox 826 3081 885 3143; x_wconf 91' lang='lat' dir='ltr'><strong>huo</strong></span> <span class='ocrx_word' id='word_1_218' title='bbox 908 3081 965 3141; x_wconf 87' lang='lat' dir='ltr'><strong>ista</strong></span> <span class='ocrx_word' id='word_1_219' title='bbox 988 3087 1058 3140; x_wconf 92' lang='lat' dir='ltr'><strong>sunt</strong></span> <span class='ocrx_word' id='word_1_220' title='bbox 1081 3081 1191 3157; x_wconf 88' lang='lat' dir='ltr'><strong>impor-</strong></span> <span class='ocrx_word' id='word_1_221' title='bbox 1315 3083 1316 3094; x_wconf 61' lang='lat'>¹</span> 
     </span>
     <span class='ocr_line' id='line_1_29' title="bbox 179 3160 1232 3251; baseline 0.002 -23"><span class='ocrx_word' id='word_1_222' title='bbox 179 3160 255 3250; x_wconf 89' lang='lat' dir='ltr'><strong>tata)</strong></span> <span class='ocrx_word' id='word_1_223' title='bbox 274 3175 305 3228; x_wconf 92' lang='lat' dir='ltr'><strong>et</strong></span> <span class='ocrx_word' id='word_1_224' title='bbox 323 3167 394 3228; x_wconf 88' lang='lat' dir='ltr'><strong>dnm</strong></span> <span class='ocrx_word' id='word_1_225' title='bbox 408 3167 598 3247; x_wconf 77' lang='lat' dir='ltr'><strong>intellegatur</strong></span> <span class='ocrx_word' id='word_1_226' title='bbox 612 3170 684 3250; x_wconf 85' lang='lat' dir='ltr'><strong>quid</strong></span> <span class='ocrx_word' id='word_1_227' title='bbox 698 3170 811 3251; x_wconf 85' lang='lat' dir='ltr'><strong>dicant,</strong></span> <span class='ocrx_word' id='word_1_228' title='bbox 829 3187 919 3231; x_wconf 92' lang='lat' dir='ltr'><strong>uuam</strong></span> <span class='ocrx_word' id='word_1_229' title='bbox 936 3167 1056 3229; x_wconf 82' lang='lat' dir='ltr'><strong>dicendi</strong></span> <span class='ocrx_word' id='word_1_230' title='bbox 1073 3165 1232 3230; x_wconf 75' lang='lat' dir='ltr'><strong>laudemus</strong></span> 
     </span>
     <span class='ocr_line' id='line_1_30' title="bbox 178 3254 1189 3337; baseline 0 -22"><span class='ocrx_word' id='word_1_231' title='bbox 178 3263 286 3335; x_wconf 90' lang='lat' dir='ltr'><strong>putant</strong></span> <span class='ocrx_word' id='word_1_232' title='bbox 313 3273 380 3318; x_wconf 87' lang='lat' dir='ltr'><strong>esse</strong></span> <span class='ocrx_word' id='word_1_233' title='bbox 407 3257 593 3321; x_wconf 85' lang='lat' dir='ltr'><strong>breuitatem.</strong></span> <span class='ocrx_word' id='word_1_234' title='bbox 617 3257 780 3320; x_wconf 86' lang='lat' dir='ltr'><strong>-Ceteri</strong></span> <span class='ocrx_word' id='word_1_235' title='bbox 810 3257 954 3337; x_wconf 84' lang='lat' dir='ltr'><strong>[praeter</strong></span> <span class='ocrx_word' id='word_1_236' title='bbox 981 3254 1189 3334; x_wconf 80' lang='lat' dir='ltr'><strong>Antipatrum]</strong></span> 
     </span>
     <span class='ocr_line' id='line_1_31' title="bbox 179 3344 1191 3410; baseline 0.003 -7"><span class='ocrx_word' id='word_1_237' title='bbox 179 3362 240 3404; x_wconf 90' lang='lat' dir='ltr'><strong>non</strong></span> <span class='ocrx_word' id='word_1_238' title='bbox 276 3354 468 3408; x_wconf 85' lang='lat' dir='ltr'><strong>exornatores</strong></span> <span class='ocrx_word' id='word_1_239' title='bbox 506 3365 608 3410; x_wconf 86' lang='lat' dir='ltr'><strong>rerum</strong></span> <span class='ocrx_word' id='word_1_240' title='bbox 650 3347 703 3409; x_wconf 87' lang='lat' dir='ltr'><strong>sed</strong></span> <span class='ocrx_word' id='word_1_241' title='bbox 740 3356 855 3410; x_wconf 92' lang='lat' dir='ltr'><strong>tantum</strong></span> <span class='ocrx_word' id='word_1_242' title='bbox 892 3344 979 3406; x_wconf 89' lang='lat' dir='ltr'><strong>modo</strong></span> <span class='ocrx_word' id='word_1_243' title='bbox 1020 3353 1191 3406; x_wconf 84' lang='lat' dir='ltr'><strong>narratores</strong></span> 
     </span>
     <span class='ocr_line' id='line_1_32' title="bbox 21 3429 1190 3516; baseline 0 -22"><span class='ocrx_word' id='word_1_244' title='bbox 21 3485 23 3494; x_wconf 82' lang='lat'><strong>.</strong></span> <span class='ocrx_word' id='word_1_245' title='bbox 179 3432 310 3495; x_wconf 85' lang='lat' dir='ltr'><strong>luerunt.</strong></span> <span class='ocrx_word' id='word_1_246' title='bbox 337 3436 377 3497; x_wconf 81' lang='lat' dir='ltr'><strong>de</strong></span> <span class='ocrx_word' id='word_1_247' title='bbox 391 3439 448 3512; x_wconf 77' lang='lat' dir='ltr'><strong>lep.</strong></span> <span class='ocrx_word' id='word_1_248' title='bbox 464 3435 528 3510; x_wconf 84' lang='lat'><strong>12,</strong></span> <span class='ocrx_word' id='word_1_249' title='bbox 545 3437 567 3496; x_wconf 78' lang='grc'><strong><em>6</em></strong></span> <span class='ocrx_word' id='word_1_250' title='bbox 593 3436 667 3497; x_wconf 92' lang='lat' dir='ltr'><strong>Nam</strong></span> <span class='ocrx_word' id='word_1_251' title='bbox 685 3445 754 3516; x_wconf 91' lang='lat' dir='ltr'><strong>post</strong></span> <span class='ocrx_word' id='word_1_252' title='bbox 773 3435 887 3498; x_wconf 90' lang='lat' dir='ltr'><strong>annalis</strong></span> <span class='ocrx_word' id='word_1_253' title='bbox 906 3429 1087 3514; x_wconf 57' lang='lat' dir='ltr'><strong>pontificum:</strong></span> <span class='ocrx_word' id='word_1_254' title='bbox 1099 3434 1190 3494; x_wconf 82' lang='lat' dir='ltr'><strong>maxi·</strong></span> 
     </span>
     <span class='ocr_line' id='line_1_33' title="bbox 21 3522 1191 3604; baseline -0.003 -18"><span class='ocrx_word' id='word_1_255' title='bbox 21 3531 23 3586; x_wconf 77' lang='grc' dir='ltr'>ζ</span> <span class='ocrx_word' id='word_1_256' title='bbox 113 3565 116 3570; x_wconf 92' lang='grc'>-</span> <span class='ocrx_word' id='word_1_257' title='bbox 177 3539 310 3604; x_wconf 88' lang='lat' dir='ltr'><strong>morum,</strong></span> <span class='ocrx_word' id='word_1_258' title='bbox 347 3523 456 3603; x_wconf 84' lang='lat' dir='ltr'><strong>quibus</strong></span> <span class='ocrx_word' id='word_1_259' title='bbox 494 3524 568 3586; x_wconf 91' lang='lat' dir='ltr'><strong>nihil</strong></span> <span class='ocrx_word' id='word_1_260' title='bbox 599 3533 699 3604; x_wconf 88' lang='lat' dir='ltr'><strong>potest</strong></span> <span class='ocrx_word' id='word_1_261' title='bbox 734 3543 800 3586; x_wconf 89' lang='lat' dir='ltr'><strong>esse</strong></span> <span class='ocrx_word' id='word_1_262' title='bbox 837 3524 980 3601; x_wconf 82' lang='lat' dir='ltr'><strong>ieiunius,</strong></span> <span class='ocrx_word' id='word_1_263' title='bbox 1013 3523 1040 3582; x_wconf 91' lang='lat' dir='ltr'><strong>si</strong></span> <span class='ocrx_word' id='word_1_264' title='bbox 1071 3531 1123 3583; x_wconf 88' lang='lat' dir='ltr'><strong>aut</strong></span> <span class='ocrx_word' id='word_1_265' title='bbox 1155 3522 1191 3583; x_wconf 88' lang='lat' dir='ltr'><strong>ad</strong></span> 
     </span>
     <span class='ocr_line' id='line_1_34' title="bbox 21 3605 1232 3693; baseline 0.004 -23"><span class='ocrx_word' id='word_1_266' title='bbox 21 3605 24 3648; x_wconf 58' lang='grc' dir='ltr'><em>ἵ</em></span> <span class='ocrx_word' id='word_1_267' title='bbox 177 3608 302 3673; x_wconf 84' lang='lat' dir='ltr'><strong>Fabium</strong></span> <span class='ocrx_word' id='word_1_268' title='bbox 326 3621 378 3676; x_wconf 91' lang='lat' dir='ltr'><strong>aut</strong></span> <span class='ocrx_word' id='word_1_269' title='bbox 400 3613 437 3674; x_wconf 89' lang='lat' dir='ltr'><strong>ad</strong></span> <span class='ocrx_word' id='word_1_270' title='bbox 460 3631 542 3693; x_wconf 88' lang='lat' dir='ltr'><strong>eum,</strong></span> <span class='ocrx_word' id='word_1_271' title='bbox 566 3615 617 3693; x_wconf 91' lang='lat' dir='ltr'><strong>qui</strong></span> <span class='ocrx_word' id='word_1_272' title='bbox 640 3613 695 3674; x_wconf 87' lang='lat' dir='ltr'><strong>tibi</strong></span> <span class='ocrx_word' id='word_1_273' title='bbox 717 3630 835 3691; x_wconf 88' lang='lat' dir='ltr'><strong>semper</strong></span> <span class='ocrx_word' id='word_1_274' title='bbox 853 3613 885 3672; x_wconf 91' lang='lat' dir='ltr'><strong>in</strong></span> <span class='ocrx_word' id='word_1_275' title='bbox 903 3627 955 3671; x_wconf 87' lang='lat' dir='ltr'><strong>ore</strong></span> <span class='ocrx_word' id='word_1_276' title='bbox 974 3618 1030 3692; x_wconf 88' lang='lat' dir='ltr'><strong>est,</strong></span> <span class='ocrx_word' id='word_1_277' title='bbox 1048 3609 1232 3676; x_wconf 83' lang='lat' dir='ltr'><strong>Catonemao</strong></span> 
     </span>
    </p>
   </div>
   <div class='ocr_carea' id='block_1_11' title="bbox 0 0 1343 4058">
    <p class='ocr_par' dir='ltr' id='par_1_11' title="bbox 0 0 1343 4058">
     <span class='ocr_line' id='line_1_35' title="bbox 0 0 1343 4058; baseline 0 0"><span class='ocrx_word' id='word_1_278' title='bbox 0 0 1343 4058; x_wconf 95' lang='lat' dir='ltr'><strong> </strong></span> 
     </span>
    </p>
   </div>
  </div>
 </body>
</html>
