2638 4056
446 229 675 286 FRAGMENTA
695 237 806 287 12-19.
1069 232 1135 298 259

115 368 149 446 Ὀ
171 374 205 443 δὲ
223 372 374 458 Σεβαστὸς
396 373 493 446 πάντα
515 374 686 459 λχειριόσατο
710 379 813 446 tecet*
773 385 831 454 inc
852 404 902 446 και
893 379 958 444 ἐν
959 383 1135 500 παραβολῇ

117 479 168 556 τῆς
190 466 337 555 ἆνσραξίας
356 470 516 539 Ἀντωνίου
539 477 740 559 κασαλογίσαιο
763 481 798 560 τῇ
820 479 914 560 βουλῇ
936 471 991 558 τὴν
1010 472 1135 540 Ἰταλίαν

118 565 269 653 ἡμερῶσαι
292 569 453 656 δυσμάχων
476 572 576 635 ἐθνῶν
599 569 714 654 θαμινὰ
737 570 946 655 ἐνοχλούντων.
969 598 995 636 ιι
1009 599 1033 640 τ
1047 581 1070 637 λ

210 668 266 735 15.
291 674 378 736 Seru.
399 661 442 734 nd
461 673 548 748 Verg.
569 674 642 734 Aen.
665 673 745 733 VIII
761 672 830 732 696
865 670 903 732 itt
926 671 1079 752 Augustus
1102 676 1134 734 ln

118 764 399 824 commemoratione
427 763 507 824 uitae
532 779 603 823 sune
631 761 724 822 relect
749 763 911 823 Antonium
939 763 1077 844 iussisse,
1099 759 1161 824 ut5

118 851 250 931 legiones
278 869 348 914 suae
377 852 455 931 apud
484 850 671 930 Cleopatram
699 850 881 912 excubarent
909 852 1034 931 eiusque
1057 859 1133 913 nutu

118 948 147 1002 et
170 944 256 1003 iussu
279 949 427 1021 parerent.

162 1034 291 1104 ·.16*
315 1042 394 1102 Ptot.
418 1040 486 1102 Aret.
513 1039 555 1100 68
587 1034 640 1101 Ἐν
663 1033 765 1124 Ἀκιίῳ
798 1035 831 1100 δὲ
862 1032 997 1100 crotbv‘
985 1062 1001 1101 o
1032 1023 1195 1114 notoni&

118 1133 315 1218 [Antonii]’
298 1133 443 1220 ανιισχῶν
470 1137 599 1222 Καίσαρι
630 1131 739 1218 χρόνον
766 1135 816 1198 καὶ
847 1133 982 1218 μέγιστον
1014 1134 1133 1222 βλαβεὶς
1143 1112 1193 1162 ⁷²3

117 1229 176 1298 ὑπὸ
204 1241 255 1300 τοῦ
281 1232 434 1310 κλύδωνος
461 1229 601 1316 ὑψηλοῦ
609 1230 682 1297 κατὰ
710 1230 832 1324 ιιρρᾶραν
863 1231 1020 1318 ἱσταμένου
1050 1228 1133 1315 μόλις
1148 1251 1174 1292 ιο

118 1329 197 1416 ὥρας
220 1330 344 1414 δεκάτης
366 1328 481 1399 ἀπεῖπε.
517 1332 565 1402 καὶ
589 1331 688 1414 νεκροὶ
715 1329 769 1414 μὲν
792 1327 829 1398 οὗ
851 1334 970 1411 πλείους
998 1331 1133 1420 ἐγένοντο

117 1433 370 1513 πεντακισχιλίων,
393 1427 526 1494 ἑάλωσαν
549 1429 582 1494 δὲ
599 1425 762 1511 τριακόσιαι
784 1433 869 1512 νῆες,
892 1424 932 1512 ὥς
954 1424 1044 1507 αὐτὸς
1065 1425 1133 1500 ἆσέ-

118 1543 215 1612 rcetu
237 1532 362 1609 Καῖσαρ

148 1621 290 1688 17²⁸.
315 1629 398 1694 Suet
413 1629 490 1704 nup.
505 1629 549 1688 42
576 1627 680 1708 Magna
707 1645 781 1690 itero
805 1627 953 1707 quondam
978 1625 1196 1699 sterilitate
1161 1622 1177 1670 6

118 1735 152 1778 ac
176 1716 291 1781 diibcili
314 1717 459 1798 remedio,
483 1736 551 1780 cum
576 1717 788 1780 noualiciaset
775 1717 985 1786 tlanistarum
1009 1711 1195 1781 familiasitt

118 1807 351 1886 peregrinosque
381 1824 484 1869 omnes
513 1808 645 1885 exceptis
673 1806 796 1871 medicis
829 1813 859 1871 et
887 1803 1133 1886 praeceptoribus

117 1896 286 1974 partimque
310 1897 502 1956 seruitiorum
525 1893 600 1956 urbe
624 1895 800 1976 expulisset,
824 1902 857 1958 ut
875 1894 994 1959 undam
1018 1911 1133 1954 annona

118 1982 278 2063 conualuit,
298 1983 442 2062 impetum
462 2001 494 2044 se
513 1985 629 2062 cepisse
649 1982 755 2044 scribit
773 1984 1020 2044 frumentationes
1038 1981 1133 2061 publi·

117 2090 182 2137 cas·
195 2074 226 2142 in
254 2077 433 2152 perpetuum
461 2071 611 2153 abolendi,
639 2073 718 2152 quod
747 2089 850 2135 earum
880 2072 990 2134 fiducia
1016 2070 1133 2133 cultura

118 2179 258 2242 agrorum
282 2168 423 2242 cessaret,
447 2179 543 2242 neque
567 2167 666 2223 tamen
685 2179 904 2242 perseuerasse,
929 2162 997 2242 quia
1016 2167 1132 2232 certum
1146 2171 1173 2212 ²0

117 2249 241 2311 baberet
264 2257 332 2329 post
352 2267 383 2310 se
403 2268 457 2330 per
476 2249 675 2312 ambitionem
687 2249 864 2332 quandoque
882 2250 1010 2312 restitui.
1036 2249 1132 2332 utque

117 2341 158 2400 ita
181 2338 305 2419 posthac
328 2356 392 2399 rem
417 2340 606 2420 temperauit,
630 2345 664 2400 ut
685 2356 745 2402 uon
765 2340 910 2400 minorem
929 2345 1080 2398 aratorum
1099 2356 1133 2399 ac

118 2430 332 2507 negotiantium
356 2445 446 2508 quam
467 2425 571 2509 populi
593 2430 738 2490 rationem
763 2426 932 2490 deduceret..

209 2519 265 2588 18.
281 2526 395 2603 Dicent.
410 2527 541 2594 XXXX
546 2527 627 2589 VIII
637 2526 723 2606 24‚1
743 2523 884 2604 leianus
903 2523 979 2588 libro
999 2542 1076 2586 nono
1096 2524 1132 2586 do

117 2614 224 2676 officiis
247 2615 447 2694 proconstdis:
471 2613 602 2694 Corpora
621 2632 734 2694 corum,
758 2615 810 2693 qui
829 2615 925 2692 capite
947 2612 1133 2692 damnantur,
1147 2624 1172 2666 2⁵

117 2705 251 2783 cognatis
274 2705 409 2782 ipsorum
433 2704 565 2785 neganda
588 2722 648 2765 non
672 2712 755 2784 sunt,
784 2710 814 2778 et
841 2701 871 2762 id
901 2720 933 2763 se
956 2700 1132 2774 obseruasse

117 2795 206 2857 etiam
230 2791 319 2855 diuns
342 2793 494 2872 Augustus
513 2791 589 2855 libro
613 2793 729 2856 decimo
753 2791 789 2854 de
813 2793 874 2855 uita
899 2808 952 2853 sua
975 2788 1088 2852 scribit

209 2893 267 2962 19.
283 2901 393 2961 Pseud.
409 2901 486 2961 Plio.
502 2903 540 2962 de
553 2902 659 2962 medic.
675 2899 745 2960 118
764 2898 809 2959 bd
823 2897 964 2977 caligines
978 2895 1133 2958 oculorum

118 2996 148 3049 et
167 2989 203 3050 ad
222 2989 296 3050 uitia
314 2990 518 3050 uetustissima
537 2989 622 3050 etad
641 2987 861 3050 scabritudiues
876 2997 906 3048 et
921 2985 1132 3048 obscuritatem

118 3085 147 3139 et
177 3077 213 3139 ad
243 3095 294 3138 eos
323 3079 374 3157 qui
397 3079 455 3138 iam
478 3095 571 3157 prope
595 3077 668 3140 nibil
691 3077 796 3139 uident
819 3085 849 3138 et
873 3075 982 3156 quibus
1004 3073 1131 3137 medica·
1147 3088 1172 3150 σο

117 3174 286 3231 mentorum
309 3165 456 3246 praesidia
480 3165 560 3228 nulla
583 3169 714 3228 inueniri
731 3172 866 3246 possunt.
890 3165 947 3226 boc
966 3162 1131 3226 remedium

118 3263 273 3336 expertum
297 3255 422 3320 usitabis
446 3263 476 3316 et
499 3255 623 3336 efficies,
655 3264 688 3317 ut
712 3256 835 3318 uideant
858 3254 1036 3334 clarissime,
1066 3254 1130 3316 sinc

118 3347 198 3406 omni
217 3353 337 3407 uetusto
356 3347 443 3411 uitio:
469 3342 585 3422 Piperis
604 3343 664 3406 albi
681 3344 820 3406 denarios
838 3343 923 3424 duos,
947 3344 1028 3408 croci
1047 3341 1131 3422 diros,

22 3492 25 3501 ,
117 3433 241 3496 balsami
263 3434 347 3514 duos,
370 3433 446 3496 tellis
471 3431 558 3497 uituli
580 3451 635 3494 seu
657 3432 788 3496 culturis
811 3434 876 3497 siue
895 3431 969 3512 pulli
987 3431 1131 3512 pugnacis

117 3524 201 3603 duos,
224 3521 320 3583 mellis
344 3523 434 3584 Attici
457 3523 562 3584 uncias
585 3521 667 3602 duas,
692 3524 754 3583 uini
777 3523 890 3583 ueteris
914 3520 986 3584 boui
1009 3519 1130 3598 cyathos
1144 3531 1170 3572 ³⁵

117 3620 188 3693 tres,
212 3612 295 3673 succi
318 3609 459 3671 loeniculi
482 3629 584 3691 uuum,
608 3618 638 3671 et
660 3613 701 3671 ita
719 3627 888 3689 compones.
913 3611 998 3689 piper
1018 3616 1047 3670 et
1066 3627 1130 3669 cror

918 3709 970 3765 1⁷*
