2670 4058
161 250 225 316 140
437 248 469 314 Q.
489 243 638 302 CLAVDII
657 243 898 311 QVADRIGARII

96 364 150 443 Q
250 392 302 460 16.
330 395 573 471 delt.1119,7
610 393 750 455 Claudius
778 391 992 471 Quadrigarius
1019 393 1050 452 in
1077 392 1174 471 primo

97 452 149 505 428
160 486 271 548 annali:
294 485 337 546 Ea
354 484 469 546 Lucani
491 483 544 544 ubi
562 485 761 563 resciuerunt,
785 480 842 542 sibi
861 498 915 561 per
933 479 1064 541 fallacias
1082 479 1175 540 uerba

160 576 227 637 data
251 593 325 636 esse.
349 572 403 652 (cs.
419 575 485 634 Liu.
508 574 589 633 VIII
603 571 658 648 27,
672 566 733 652 11.)

251 666 308 733 lt.
334 673 407 733 Geli.
425 671 527 731 XVII
541 669 571 750 2,
590 669 630 730 18
652 668 748 730 Verba
772 687 807 729 cx
826 667 860 739 Q.
879 667 983 729 Claudi
1005 669 1103 747 primo
1126 684 1175 727 an

160 760 233 822 nali:
254 793 292 804 -
315 777 394 839 sese,
417 761 529 841 inquit,
553 777 591 819 ne
619 758 649 819 id
673 776 805 839 quoquc,
829 757 908 837 quod
936 765 999 818 tum
1028 756 1203 836 suaderet,⁵
1306 771 1313 800 ¹

97 850 310 945 321iacturum
333 866 406 909 esse.

97 965 151 1033 ὦ
251 941 307 1008 18.
331 947 398 1008 Lte.
425 945 525 1006 VIIII
539 946 568 1024 5,
588 945 607 1005 1
630 943 774 1006 Consules
799 944 847 1023 [Τ.
868 944 1009 1006 Veturius
1031 943 1176 1004 Caluinus

161 1036 212 1112 Sp.
227 1037 399 1097 Postumius
412 1032 552 1112 Albinus]
571 1033 699 1112 proiecti
718 1035 754 1096 ad
768 1034 907 1094 Pontium
926 1034 958 1093 in
976 1031 1177 1112 conloquium,

161 1141 229 1185 cum
253 1125 290 1184 do
319 1121 440 1185 foedera
467 1124 566 1184 616161
593 1124 731 1203 agitaret,
758 1129 905 1201 negarunt
932 1123 1048 1182 iniussu
1074 1118 1178 1200 populi

162 1213 268 1274 foedus
290 1213 357 1273 lieri
379 1229 481 1292 posse,
504 1229 560 1272 neo
589 1213 652 1271 sine
681 1211 832 1272 fetialibus
860 1213 1098 1288 caerimoniaque
1122 1208 1178 1270 alia
1192 1222 1219 1262 1⁰

163 1300 307 1362 sollemni.
344 1303 445 1379 itaque
468 1317 537 1379 non,
560 1307 595 1360 61
613 1299 704 1380 uulgo
724 1300 851 1362 credunt
870 1298 1069 1378 Claudiusque
1089 1300 1178 1359 etiam

163 1389 277 1470 scribit,
301 1388 420 1450 loedere
439 1405 496 1468 pax
514 1387 655 1469 Caudina,
674 1388 726 1450 sed
745 1406 801 1468 per
819 1389 1010 1467 sponsionem
1028 1386 1105 1447 lacta
1124 1393 1178 1448 est.

162 1477 234 1558 quid
259 1479 338 1539 enim
362 1485 414 1539 aut
437 1476 633 1556 sponsoribus
656 1478 686 1537 in
710 1477 832 1537 loedere
855 1493 930 1554 opus
949 1482 1029 1536 esset
1053 1482 1104 1536 aut
1127 1475 1178 1536 on

163 1566 286 1648 sidibus,
309 1565 362 1628 ubi
379 1567 551 1645 precatione
575 1581 624 1626 res
643 1567 828 1647 transigitur,
851 1581 1014 1643 perquem
1034 1563 1179 1644 populum

162 1655 222 1735 fiat,
246 1671 307 1734 quo
328 1657 427 1715 minus
451 1653 566 1732 legibus
589 1654 678 1715 dictis
702 1661 807 1735 stetur,
832 1661 866 1714 61
889 1671 957 1714 eum
980 1655 1022 1714 ita
1045 1652 1219 1733 luppiter1⁵

162 1742 258 1824 feriat,
282 1743 430 1822 quemad
454 1742 576 1803 modum
600 1761 616 1803 a
639 1742 789 1804 fetialibus
811 1759 923 1822 porcus
946 1741 1079 1804 leniatur.
1113 1761 1179 1823 spo·

161 1831 333 1912 ponderant
365 1830 516 1912 consules,
548 1831 650 1913 legati,
683 1839 870 1912 quaestores,
898 1830 1013 1892 tribuni
1041 1831 1179 1911 militum,

162 1921 343 2000 nominaque
368 1922 501 1982 omnium
530 1923 581 1999 qui
609 1920 835 2000 spoponderunt
863 1927 977 2002 extant,
1000 1919 1066 2002 ubi,
1090 1923 1116 1982 si
1144 1937 1179 1981 61

163 2008 284 2070 loedere
309 2016 373 2071 6616
396 2027 446 2070 166
469 2017 557 2090 esset,
581 2017 791 2089 praeterquam
810 2009 938 2072 duorum
957 2009 1100 2071 fetialium
1119 2025 1179 2070 non

163 2105 307 2160 extarent.
332 2106 362 2159 61
380 2106 505 2178 propter
518 2100 717 2159 necessariam
731 2098 860 2160 foederis
875 2098 1047 2160 dilationem
1061 2098 1179 2160 obsides
1194 2111 1221 2153 20

164 2188 252 2247 etlam
272 2190 401 2248 sescenti
420 2189 536 2266 equites
555 2189 703 2268 imperati,
722 2190 774 2267 qui
793 2190 890 2266 capite
908 2187 1034 2269 luerent,
1049 2189 1075 2248 si
1090 2195 1180 2272 pacto

102 2291 224 2378 320non
248 2283 386 2336 staretur.

101 2397 155 2407 --
256 2358 312 2425 19.
338 2365 411 2426 Geli.
427 2365 465 2425 II
480 2363 565 2438 19,8
587 2363 662 2424 ltem
685 2364 899 2444 Quadrigarius
923 2368 954 2425 in
978 2364 1081 2425 eodem
1106 2363 1139 2442 [i.
1154 2384 1180 2426 e.

101 2418 276 2529 434primo]
290 2451 367 2513 libro
384 2472 440 2514 m*z
458 2451 491 2513 ld
505 2451 558 2513 ubi
577 2455 746 2515 rescierunt
764 2457 926 2534 propinqui
944 2452 1091 2533 obsidum,
1105 2472 1179 2533 quos

79 2564 83 2572 ·
163 2539 271 2601 Pontio
289 2541 416 2604 traditos
430 2559 521 2621 supra
539 2542 819 2623 demonstrauimus,
834 2561 937 2604 eorum
952 2549 1091 2621 parentes
1110 2561 1179 2603 cum
1193 2552 1221 2594 2⁵

100 2685 154 2734 320
163 2631 341 2710 propinquis
365 2629 471 2710 capillo
495 2649 582 2710 passo
605 2633 637 2692 in
660 2634 739 2693 uiam
763 2631 966 2710 prouolarunt.

99 2753 153 2763 -—-
254 2713 311 2781 20.
337 2721 411 2782 Geli.
424 2721 459 2780 X
464 2720 526 2781 VII
540 2721 573 2802 2,
584 2720 624 2780 21
652 2720 748 2781 Verba
771 2738 807 2780 ex
830 2719 864 2790 Q.
883 2718 987 2780 Claudi
1009 2721 1106 2797 primo
1129 2737 1180 2780 an·

100 2773 153 2822 434
163 2807 235 2869 nali:
255 2837 297 2854 -
317 2807 393 2872 Cum
411 2816 511 2870 166166
531 2811 642 2889 inquit,
665 2807 770 2870 arrabo
793 2825 886 2886 penes
907 2807 1054 2868 Samnites
1077 2807 1180 2887 populi

163 2895 287 2958 Romani
310 2906 398 2960 esset.
431 2894 638 2959 ‘arrabonem'
662 2899 736 2960 dixit
760 2904 912 2958 sescentos
936 2895 1063 2958 obsides.

57 2983 151 3154 (aad)
254 2988 310 3056 21.
335 2995 552 3075 66111216
587 2994 775 3055 introrsus
800 2993 871 3072 qnid
896 3011 961 3054 esse
985 2993 1014 3054 id
1038 2993 1222 3076 dicemus,³0

77 3074 131 3142 ὦ
165 3082 245 3162 quod
268 3085 300 3144 in
323 3086 420 3162 primo
444 3083 594 3145 annalium
613 3081 800 3160 Quadrigarii
819 3083 965 3162 scriptum
984 3091 1038 3164 est,
1058 3083 1088 3144 C.
1105 3083 1179 3144 Pon·

164 3174 240 3232 tium
264 3170 427 3234 Samnitem
450 3191 467 3233 a
490 3172 635 3234 dictatore
654 3171 786 3232 Romano
811 3189 863 3232 661
885 3171 1026 3232 horarum
1049 3172 1179 3232 indutias

163 3258 338 3341 postulasse,
363 3264 389 3322 si
410 3262 542 3323 indutiae
567 3256 753 3339 ‘paucorum'
777 3267 893 3322 tantum
917 3255 1058 3322 ‘dierum'
1081 3259 1179 3339 appel·

163 3347 267 3409 landae
291 3351 383 3411 sunt?

254 3432 311 3500 22.
339 3440 410 3500 Geli.
429 3439 532 3498 XVII
545 3438 615 3518 2,3
647 3436 743 3498 Verba
767 3456 803 3498 61
827 3437 861 3508 Q.
885 3437 988 3498 Claudi
1010 3438 1107 3516 primo
1131 3455 1180 3498 an·
1194 3449 1221 3489 ³⁵

163 3524 237 3587 nali:
258 3557 297 3570 -
321 3529 422 3607 Arma,
445 3528 556 3607 inquit,
580 3527 715 3607 plerique
739 3526 872 3588 abiciunt
895 3533 983 3604 atque
1007 3527 1180 3586 166161116-

164 3612 312 3676 latebrant
322 3633 398 3676 sese.
409 3610 475 3689 (Ex
488 3617 582 3677 Gellio
593 3618 667 3678 Non.
673 3635 705 3693 p.
716 3614 786 3675 129.
797 3617 859 3676 uid.
866 3616 933 3676 Lite.
940 3615 993 3675 IX
998 3615 1048 3695 31,
1054 3614 1096 3674 14
1103 3607 1180 3697 sqq.)
