2620 4054
305 123 329 164 0
682 153 684 158 .

196 236 263 302 354
626 235 777 292 ACHOLH

285 382 344 450 26.
369 388 470 465 Steph.
485 388 561 466 Byz.
580 405 603 448 s.
618 405 647 448 u.
658 404 690 463 p.
704 385 773 446 208
799 384 942 465 Γίνδαρα,
967 381 1053 466 uulpem
1081 381 1157 467 πρὸς
1177 391 1211 471 τῇ

192 479 360 568 Ἀντιοχείᾳ.
369 478 402 546 τὸ
413 479 537 546 ἕθνικὸν
544 478 716 564 Γινδαρεύς.
725 477 920 563 Κοοᾶδραιος
931 478 1135 565 δὶΓινδσὶροος
1145 483 1210 564 ἔφη.

286 577 345 644 27.
369 583 469 661 Steph.
480 583 556 660 Byr.
570 602 593 645 s.
608 602 637 644 u.
648 601 679 660 p.
690 582 761 642 446
778 579 869 661 Μέση
887 584 946 644 τῶν
963 585 1115 662 ποταμῶν,
1131 575 1211 662 χώρα

196 673 302 760 μεταξὺ
325 673 492 760 Εὐφράτου
514 678 565 742 καὶ
590 680 738 764 Τίγριδος·
762 677 813 742 uod
826 673 990 760 Ἀδιαβηνὴ
1014 677 1153 758 ἐκαλεῖτο,
1172 673 1210 752 ὥς

195 777 304 858 ἱστορεῖ
323 771 526 856 Κοοᾶδρατος.
1224 799 1237 840 5

286 869 344 937 28.
367 877 468 955 Steph.
483 876 561 956 Byr.
574 895 597 938 s.
611 894 641 938 tt.
664 870 815 957 Μεσσήνη
830 895 862 954 p.
876 876 946 935 447
961 869 1045 937 Ἔστι
1062 873 1113 938 aul
1130 870 1210 957 χοίρο

196 974 342 1054 Περσίδος
364 968 495 1054 Μεσηνὴ
514 968 554 1037 δι’
575 969 642 1049 ἑνὸς
660 990 687 1051 o,
709 966 769 1034 tut
786 976 846 1036 τῶν
859 966 917 1036 δύο
931 975 1072 1052 ποταμῶν
1085 967 1210 1052 Εὐφρά-

194 1094 247 1134 του
269 1070 319 1132 καὶ
335 1072 470 1152 Τίγριδος
489 1070 679 1152 mentastro,
694 1063 734 1144 ὥς
748 1064 876 1145 Ἀσίνιος
894 1064 1090 1151 Κονάδρατός
1107 1088 1208 1148 φησιν.

285 1163 345 1232 29.
377 1171 479 1247 Steplt.
499 1171 575 1248 Byz.
594 1189 617 1230 o.
636 1187 665 1230 u.
681 1187 713 1246 p.
738 1167 807 1228 602
845 1165 1011 1249 Tdrcvppor,
1043 1158 1081 1230 οὗ
1107 1163 1209 1249 πόρρω

191 1261 347 1348 ’Υρκανίας
370 1266 469 1342 ἔθνος.
513 1261 709 1347 Κουάδροτος
733 1261 895 1346 Τόποορρο
918 1267 1020 1346 φησίν.
1224 1292 1251 1332 ιο

130 1360 186 1438 1-oo
286 1360 344 1427 30.
372 1367 469 1442 σαροῖ.
490 1365 557 1427 Ver.
571 1364 638 1439 8,1
670 1362 740 1425 Fuit
759 1361 806 1442 [L.
830 1363 938 1442 Verus]
959 1366 1025 1425 eius
1043 1364 1104 1445 lati,
1122 1372 1157 1425 ut
1179 1366 1211 1425 in

132 1450 439 1533 ⁹1⁹easproutncias
469 1471 524 1532 per
554 1471 627 1532 quas
655 1452 734 1513 redit
763 1451 793 1531 [e
817 1452 925 1532 Syria]
955 1452 1078 1514 Romam
1105 1470 1212 1533 usque,

195 1542 274 1605 luem
298 1561 400 1604 secum
423 1542 541 1604 delerre
564 1542 728 1602 uideretur.
779 1549 809 1603 et
832 1551 900 1603 nata
923 1542 1020 1603 fertur
1042 1541 1212 1620 pestilentia

194 1635 226 1693 in
245 1630 412 1713 Babylonia,
432 1631 484 1693 ubi
501 1630 539 1692 de
558 1629 668 1709 templo
683 1629 828 1709 Apollinis
842 1650 879 1692 ex
893 1629 993 1692 arcula
1008 1648 1108 1712 aurea,
1122 1649 1212 1710 quam

194 1719 280 1782 miles
303 1721 380 1782 forte
404 1720 558 1800 inciderat,
582 1721 706 1798 spiritus
728 1718 872 1799 pestilens
894 1721 1005 1799 euasit,
1028 1727 1117 1799 atque
1140 1719 1210 1781 inde
1227 1734 1254 1775 15

194 1809 321 1871 Parthos
341 1809 505 1889 orbemque
524 1807 696 1887 complesse.
720 1808 773 1870 scd
792 1809 849 1870 hoc
867 1827 927 1870 non
941 1807 1026 1869 Lucii
1040 1807 1110 1869 Veri
1127 1810 1212 1888 uitio,

195 1899 247 1960 sed
272 1898 374 1979 Cassii,
397 1916 413 1959 a
438 1916 496 1977 quo
520 1897 735 1958 contratidem
759 1896 907 1978 Seleucia,
938 1916 1014 1978 quae
1041 1905 1076 1958 ut
1099 1899 1212 1958 amieos

195 1987 305 2049 milites
332 1993 452 2048 nostros
480 1993 647 2065 receperat,
679 1995 845 2066 expugnata
873 1993 926 2047 est.
982 1986 1060 2066 quod
1090 1986 1213 2066 quidem

195 2079 274 2137 inter
296 2083 413 2138 ceteros
441 2077 531 2136 etiam
559 2073 727 2145 Quadratus
755 2075 824 2136 belli
852 2075 983 2136 Parthici
1011 2077 1139 2155 scriptor
1166 2077 1212 2135 in-

195 2167 307 2228 cusatis
326 2163 508 2244 Seleucenis,
531 2166 584 2242 qui
601 2165 690 2225 tidem
714 2167 804 2242 primi
826 2172 979 2244 ruperant,
1004 2170 1120 2244 purgat.
1227 2180 1256 2221 so

285 2248 369 2315 31³⁸.
400 2253 481 2314 Volo.
500 2254 575 2314 Gall.
590 2255 680 2314 Auia.
699 2253 856 2327 Cass.1,1
883 2252 1009 2313 Auidius
1029 2251 1157 2332 Cassius,
1176 2261 1214 2314 ut

195 2343 315 2422 quidam
342 2340 463 2422 uolunt,
490 2360 528 2403 ex
555 2341 664 2403 familia
694 2341 864 2402 Cassiorum
887 2341 980 2401 luisse
1004 2338 1127 2420 dicitur,
1155 2358 1214 2419 per

194 2440 318 2491 matrem
342 2437 456 2511 umen,
484 2449 541 2492 auo
573 2433 692 2510 genitus
720 2429 826 2490 Auidio
854 2427 982 2507 Seuero,
1009 2429 1063 2507 qui
1089 2428 1213 2490 ordines

194 2520 320 2581 duxerat
342 2525 373 2579 et
395 2527 463 2598 post
485 2520 522 2581 ad
545 2537 676 2596 summas
703 2517 862 2595 dignitates
889 2524 1081 2596 peruenerat²
1123 2519 1212 2580 cuius

194 2607 363 2679 Quadratus
385 2611 417 2669 in
440 2607 574 2669 historiis
597 2607 744 2685 meminit,
768 2614 798 2666 et
821 2605 941 2684 quidem
965 2609 1111 2688 grauiter,
1139 2624 1211 2668 cum
1226 2622 1256 2663 aa

192 2696 276 2758 illum
300 2715 449 2759 summum
471 2699 572 2758 uirum
594 2703 624 2755 et
646 2695 849 2755 necessarium
872 2697 918 2756 rei
938 2695 1075 2775 publicae
1098 2695 1213 2757 adserit

194 2793 225 2845 et
248 2785 325 2866 apud
349 2788 448 2870 ipsum
471 2785 602 2845 Marcum
625 2781 837 2861 praeualidum.

553 2989 843 3081 AOHOLIVS

590 3140 818 3197 rnsuuoum
838 3203 857 3224 ν

159 3252 192 3322 l.
224 3259 292 3336 Vop.
308 3257 382 3317 Aur.
397 3254 483 3330 12‚3
506 3253 549 3314 Ex
568 3253 654 3316 libris
672 3253 797 3338 Acholii,
820 3257 873 3336 qui
895 3256 1035 3334 magister
1056 3255 1211 3316 admissio·

193 3364 265 3407 num
277 3344 421 3405 Valeriani
432 3345 577 3423 principis
593 3343 634 3421 [ο.
647 3344 719 3404 253.
725 3344 940 3405 loeo-260.
946 3342 1044 3422 1013]
1056 3343 1121 3426 luit,
1131 3343 1211 3405 libro

194 3442 329 3496 actorum
353 3435 417 3494 eius
440 3451 520 3493 nono
544 3428 602 3514 (fr.
623 3426 670 3516 4).
1227 3458 1256 3499 σο

159 3519 193 3586 2.
219 3523 341 3599 Lampr.
352 3526 438 3584 Alex.
455 3522 546 3602 644
568 3521 732 3602 Acholium,
747 3524 844 3601 quiet
862 3524 1004 3584 interiora
1018 3521 1108 3583 huius
1126 3523 1211 3602 prin-

196 3612 271 3691 cipis
295 3609 495 3688 [Alexandri]
519 3611 640 3690 scripsit
663 3604 723 3694 (fr.
737 3611 780 3693 1).
