2620 4054
401 244 500 308 uest.
522 251 598 302 1—4.
636 243 771 301 iissem.
792 249 869 300 1-2.
1075 246 1153 311 263·

128 393 187 454 silii
211 401 241 453 et
263 390 355 454 animi
378 395 462 472 setis3
490 411 506 452 a
530 396 626 455 nitore
655 402 685 454 et
712 395 896 456 iucunditate
921 394 1073 456 Ciceronis
1101 396 1142 455 ita

128 481 215 560 longe
239 481 335 562 abest,
363 489 398 543 ut
425 482 523 542 uideri
545 484 639 562 possit
668 483 785 544 saeculo
809 485 901 562 prior.
929 484 1016 565 2,17
1039 485 1142 545 tristes

128 590 162 633 ec
185 572 278 632 ieiuni
300 570 463 632 Pollionem
487 570 681 632 aemulantur.
714 571 791 649 §25
816 581 845 634 et
862 574 934 635 XII
948 574 1001 654 10,
1015 573 1053 633 11
1077 572 1141 634 (λίλί-

128 662 226 740 gentio
254 659 404 720 Pollionis.
445 659 538 722 Tacit.
568 663 606 722 de
632 667 710 725 orat.
733 661 774 721 21
802 661 950 740 [loquitur
978 663 1020 724 M.
1045 660 1140 740 Aper]

128 750 248 810 Asinius
272 766 403 829 quoque,
427 765 605 828 quamquem
626 749 819 830 propioribus
842 750 1028 830 temporibus
1055 759 1169 812 netuso

129 840 176 919 sit,
199 837 321 899 uidetur
344 837 416 898 mibi
439 839 519 898 inter
540 835 693 899 Menenios
717 846 747 900 et
770 839 881 919 Appios
905 839 1066 922 studuisse,
1089 839 1142 900 Pa·

129 928 250 988 cuuium
274 933 356 987 certe
379 936 409 987 et
432 927 554 987 Accium
582 945 642 987 nou
666 925 762 988 solum
789 928 949 1007 tragoediis
978 929 1029 990 sed
1054 931 1142 990 etiam

128 1015 313 1077 orationibus
333 1017 395 1077 suis
415 1018 574 1094 expressit:
598 1015 670 1076 adeo
690 1016 784 1078 durus
803 1024 833 1077 et
852 1018 950 1078 siccus
969 1025 1028 1098 est;
1048 1020 1142 1078 oratio

128 1113 228 1166 autem
250 1106 329 1166 sicut
351 1122 461 1184 corpus
480 1104 608 1165 bominis
627 1123 661 1166 ee
680 1104 799 1165 densum
817 1104 942 1184 pulchra
961 1114 1016 1187 est,
1035 1109 1066 1166 in
1086 1125 1142 1186 qne

128 1212 188 1255 non
212 1195 344 1255 eminent
371 1212 464 1255 uenae
493 1211 548 1255 nee
571 1211 639 1254 ossa
662 1202 859 1255 numerentur
882 1195 933 1256 sed
960 1201 1142 1276 temperatus
1158 1211 1184 1251 ro

74 1298 84 1314 ·
128 1301 163 1343 uc
186 1283 282 1344 bonus
307 1284 427 1362 sanguis
450 1282 554 1361 implet
576 1283 709 1344 membra
738 1291 767 1344 et
790 1286 925 1364 exsurgit
952 1286 1026 1346 toris
1049 1287 1143 1363 ipsos·

130 1389 188 1451 que
212 1388 321 1433 neruos
344 1372 437 1433 robor
460 1375 534 1452 tegit
552 1381 583 1433 et
601 1372 692 1444 decor
710 1373 905 1434 commendet
929 1373 971 1434 25
993 1366 1144 1458 (loquitur
1208 1435 1211 1442 ,

136 1461 296 1538 Vepstanus
319 1454 478 1544 Messalla)
501 1463 689 1522 numerosior
711 1462 840 1524 Asinius.

94 1545 129 1613 4.
152 1553 214 1612 uid.
226 1550 304 1628 'Ater'
319 1556 383 1612 test.
397 1551 416 1610 1
435 1570 466 1627 μ.
481 1551 557 1612 237.

96 1637 130 1703 5.
152 1640 277 1701 Asinius
296 1639 392 1700 Pollio
412 1640 511 1700 Plinio
530 1644 562 1700 ιἰι
582 1659 610 1700 κ.
629 1642 658 1701 λι.
673 1657 732 1702 see.
748 1642 809 1701 ιἰιιλ
825 1648 935 1702 auctor
949 1643 1017 1702 libr.
1040 1641 1106 1703 VH.
1158 1653 1184 1694 ιτ

171 1791 276 1846 BELLI
295 1790 424 1847 ctvtbis
448 1791 623 1848 CAESARIS
647 1791 695 1846 ET
714 1792 852 1848 POMPEI
870 1792 1101 1849 FRAGMENTA

220 1898 250 1965 l.
281 1905 381 1967 Voler.
399 1904 485 1966 Max.
507 1905 588 1967 VIII
602 1905 643 1964 13
661 1912 721 1967 ext.
741 1907 763 1965 4
785 1906 906 1967 Asinius
930 1908 1019 1968 etiem
1041 1906 1144 1987 Pollio,

130 2011 190 2054 nou
210 1995 330 2054 minima
349 2011 418 2073 pars
432 1993 556 2054 Romani
575 1993 644 2073 stili,
659 1995 689 2054 in
704 1996 795 2055 tertio
809 1995 1003 2056 historiarum
1022 2014 1144 2057 suarum

130 2082 207 2143 libro
231 2090 353 2144 centum
371 2081 453 2144 illum
475 2081 734 2159 [Ανμακλλυκίνκι
756 2083 953 2162 Gaditanum]
971 2092 1000 2145 et
1023 2086 1144 2163 triginta

129 2189 223 2233 ennos
247 2171 381 2250 explesse
405 2179 624 2232 commemoret.

221 2265 281 2333 2²⁸.
306 2271 384 2331 Plut.
403 2271 486 2332 Caco.
502 2270 548 2330 46
572 2263 621 2350 (a)
641 2262 673 2329 ‘0
693 2265 726 2328 tt
739 2272 866 2350 Καῖσαρ,
881 2263 921 2343 ὥς
934 2267 968 2332 ἐν
981 2273 1021 2356 τῷ
1039 2265 1144 2350 χάρακι
1158 2276 1184 2315 ²⁰

130 2371 183 2430 τοῦ
203 2368 363 2448 Πομπηίου
386 2363 544 2450 γενόμενος
568 2365 662 2444 [μυσί.
667 2383 804 2443 puppam
823 2365 1051 2446 Pharsalicam]
1074 2362 1143 2441 τούς
1161 2367 1207 2446 4}

131 2487 161 2526 τε
183 2464 335 2546 κειμένους
358 2461 482 2546 νεκροὺς
503 2461 563 2545 ἤδη
586 2469 646 2526 τῶν
672 2465 822 2544 πολεμίων
845 2459 903 2527 είδε
930 2465 979 2526 καί
1007 2461 1076 2541 τοάς
1103 2457 1206 2527 ἔτι706

132 2561 346 2642 κτεινομένους,
369 2558 450 2626 εἶπεν
473 2559 531 2642 ἀρα
554 2555 705 2636 στενάξας·
730 2558 840 2623 Ὓοῦτο
864 2559 1084 2643 ἐβουλήθησαν,
1103 2565 1145 2638 εἰς

131 2653 218 2721 τοῦτό
236 2681 270 2739 με
288 2655 420 2743 ἀνάγκης
437 2655 636 2743 ὑπηγάγοντο,
650 2660 701 2721 ἵνα
713 2654 804 2732 Γάιος
819 2659 935 2740 Καῖσαρ
954 2653 969 2722 ὃ
992 2661 1144 2743 μεγίστους

132 2754 279 2835 πολέμους
301 2752 506 2839 κατορθάσας,
535 2760 562 2821 εί
586 2751 765 2839 προηκάμην
792 2751 827 2817 τά
854 2752 1064 2837 στρατεύματα,
1087 2751 1145 2820 κάν
1159 2779 1185 2820 eo

132 2849 376 2936 κατεδικάσθην’.
424 2851 537 2927 Ταῦτά,
551 2874 626 2936 φησι
648 2857 786 2919 Πολλίων
804 2849 950 2928 Ἀσίννιος
973 2850 1008 2916 τά
1032 2851 1145 2938 ῥήματα

128 2943 283 3030 Ῥωμαϊστὶ
305 2949 359 3031 μέν
381 2948 633 3036 ἀναφθέγξασθαι
659 2948 710 3016 τὸν
734 2953 870 3031 Καίσαρα
898 2946 978 3032 παρὰ
1006 2946 1058 3014 τὸν
1084 2947 1146 3015 τότε

134 3043 253 3129 καιρόν,
281 3043 446 3129 Ἑλληνιστί
478 3047 506 3112 δ’
536 3045 589 3114 ἀπ’
619 3047 713 3114 αὐτοῦ
735 3045 913 3134 γεγράφθαι.
950 3042 999 3134 (b)
1025 3053 1092 3110 Τῶν
1115 3047 1143 3111 δ’

134 3142 353 3210 ἀποθανόντων
384 3143 454 3222 τοὺς
486 3151 639 3223 πλείστους
674 3147 788 3224 οἰκέτας
819 3145 959 3230 γενέσθαι
990 3145 1056 3227 περὶ
1092 3141 1147 3226 τὴν

133 3241 301 3326 κατάληψιν
315 3249 368 3308 τοῦ
381 3242 509 3326 χάρακος
522 3241 742 3326 ἀναιρεθέντας,
756 3241 930 3327 στρατιάτας
944 3242 977 3308 tl
993 3243 1145 3323 [Pompei]
1160 3268 1187 3308 ιο

134 3339 307 3423 μὴπλκίους
320 3342 520 3424 ἑξακισχιλίων
533 3349 641 3406 πεσεῖν.
665 3363 684 3404 u
700 3369 742 3394 π
757 3346 878 3406 Sueten.
898 3345 980 3406 Oetes.
995 3345 1041 3404 30
1061 3342 1146 3415 Quod

133 3439 316 3520 probabilius
340 3442 410 3503 lucit
428 3442 548 3502 Asinius
567 3440 673 3521 Pollio,
691 3440 858 3502 Pharsalica
878 3444 940 3503 acie
960 3459 1061 3503 eeesos
1080 3459 1147 3520 pro·

133 3529 309 3609 lligetosque
324 3531 511 3593 aduersarios
526 3532 758 3611 prospicientem
777 3530 850 3591 haee
870 3545 938 3592 eum
954 3529 1146 3608 [Caesarem]

134 3617 171 3679 ud
193 3618 320 3680 uerbum
344 3620 454 3682 dixisse
477 3621 624 3682 referens:
649 3614 728 3679 ‘Hoc
752 3618 925 3700 uoluerunt;
948 3622 1037 3680 tantis
1057 3619 1147 3680 rebus
