2670 4058
440 223 471 280 L.
490 221 648 279 LICINIVS
667 220 857 276 LVOVLLVS
1092 220 1157 286 135

345 430 390 513 L.
423 425 650 514 LICINIVS
681 426 946 515 LVOVLLVS

177 577 288 650 (aedilis
309 584 350 634 79.
370 581 435 645 675,
458 579 572 646 praetor
591 582 633 632 77.
653 582 721 647 677,
745 593 818 633 cons.
839 583 882 632 74.
902 582 968 648 680,
993 579 1120 634 mortuus

390 647 465 704 iulet
483 662 570 704 annos
589 653 632 703 58.
653 653 704 703 696
724 650 753 703 el
770 653 813 704 56.
833 649 905 718 698.)

405 789 631 845 TESTIMONIA
649 789 697 844 DE
716 788 888 845 HISTORIA

107 899 141 967 l.
169 905 229 965 Cio.
245 906 334 965 acad.
344 921 395 981 pr.
410 904 450 965 ΙΙ
462 903 492 978 2,
507 905 529 963 4
549 902 607 964 Sed
623 920 698 982 quae
712 902 848 983 populari
862 903 956 982 gloria
970 904 1106 965 decorari
1123 905 1155 965 iu

141 991 267 1054 Lucullo
281 990 464 1073 debuerunt,
482 1010 516 1053 ea
531 992 593 1053 lere
608 999 679 1053 sunt
693 999 723 1053 et
737 991 858 1053 Graecis
876 991 986 1054 litteris
1006 991 1156 1054 celebrata

142 1088 173 1142 et
186 1080 308 1142 Latinis.
321 1078 481 1142 -Maiore
501 1083 582 1141 enim
605 1081 703 1141 studio
718 1079 861 1142 Lucullus
885 1100 953 1142 oum
976 1083 1058 1142 omni
1077 1079 1155 1142 liue-

141 1187 243 1230 rarum
266 1171 370 1249 generi
393 1177 458 1231 tum
480 1169 684 1249 philosophiae
707 1169 827 1231 deditus
850 1169 915 1232 luit.
953 1177 984 1231 et
1007 1188 1034 1249 q.
1058 1188 1082 1230 s.
1115 1168 1155 1245 cf.

141 1257 618 1339 mummmu
1169 1267 1183 1310 ι

106 1353 143 1420 2.
168 1357 246 1417 Prot.
265 1357 339 1418 Luc.
354 1357 373 1416 1
396 1354 472 1437 Περὶ
491 1352 544 1435 μὲν
562 1345 619 1418 οὖν
637 1359 690 1436 τῆς
708 1357 879 1439 φιλολογίας
897 1351 989 1421 αὐτοῦ
1008 1351 1083 1437 τορὸς
1095 1361 1157 1431 τοῖς

143 1451 307 1534 εἰρημένοις
328 1452 380 1515 καλ
401 1457 491 1516 ταῦτα
513 1451 634 1535 λέγεται·
657 1451 730 1516 νέον
751 1449 823 1516 ὅντα
844 1449 920 1535 πρὸς
934 1448 1088 1534 Ὁρτήσιον
1104 1448 1157 1516 τὸν

144 1546 301 1633 δικολόγον
322 1549 374 1613 καλ
395 1555 543 1614 Σισεννᾶν
566 1545 617 1614 τὸν
638 1546 786 1633 ἱστορικὸν
813 1549 846 1613 ἐκ
867 1552 990 1626 παιδιᾶς
1012 1575 1092 1626 τινος
1115 1551 1157 1626 εἰς

143 1645 281 1729 σπονδὴν
299 1641 505 1731 προελθούσης
523 1642 702 1732 ὁμολογῆσαι
720 1650 763 1729 [a.
777 1651 827 1712 88.
845 1649 944 1731 666],
962 1647 1157 1730 προθεμένων

142 1748 257 1827 ποίημα
278 1745 329 1808 καλ
351 1741 440 1829 λόγον
458 1741 632 1827 Ἑλληνικόν
654 1769 683 1809 τε
705 1745 756 1808 καλ
767 1740 944 1828 Ῥωμαϊκόν,
968 1747 1009 1822 εἰς
1031 1742 1049 1809 ὅ
1070 1770 1098 1808 τι
1117 1740 1157 1808 ἂν
1171 1757 1197 1798 1⁰

144 1841 218 1930 λάχῃ
250 1840 377 1925 τούτων,
408 1841 460 1908 τὸν
486 1839 649 1926 Μαρσικὸν
681 1843 807 1907 ἐντενεῖν
837 1840 976 1925 πόλεμον.
1012 1847 1064 1906 καί
1093 1866 1157 1918 ττοος

144 1942 240 2006 ἔοικεν
262 1941 304 2016 εἰς
326 1937 416 2025 λόγον
432 1936 608 2023 Ἑλληνικὸν
626 1937 642 2004 ὃ
661 1946 768 2024 κλῆρος
786 1937 957 2022 ἀφικέσθαι.
989 1937 1157 2014 διασώζεται

143 2036 200 2123 γὰρ
217 2033 377 2120 Ἑλληνική
399 2063 442 2115 τις
464 2041 577 2122 ἱστορία
598 2046 650 2104 τοῦ
673 2044 835 2121 Μαρσικοῦ
857 2039 995 2120 πολέμου.

107 2133 144 2202 3.
172 2140 269 2200 Cicer.
287 2140 331 2199 ad
347 2140 407 2201 Au.
427 2139 569 2222 119,1o
592 2138 626 2200 Iu
646 2157 704 2220 quo
724 2140 750 2200 si
769 2139 840 2218 quid
860 2140 928 2220 erit,
947 2137 1025 2218 quod
1044 2137 1170 2198 homini

143 2227 241 2289 Attico
264 2228 363 2288 minus
387 2227 532 2289 Graecum
556 2228 765 2308 eruditumque
792 2226 944 2308 uideatur,
968 2245 1029 2288 uon
1052 2226 1157 2307 dicam,
1171 2230 1198 2273 1⁵

145 2315 225 2397 quod
247 2315 311 2399 tibi,
334 2325 369 2379 ut
391 2319 497 2397 opinor
519 2316 689 2398 Panhormi,
711 2315 853 2378 Lucullus
878 2316 914 2377 de
937 2317 1000 2377 suis
1022 2315 1157 2376 historiis

145 2405 271 2484 dixerat,
291 2422 323 2464 se
343 2424 402 2486 quo
422 2406 538 2467 lucilius
557 2405 621 2467 illas
640 2405 781 2485 probaret
795 2404 920 2466 Romani
937 2405 1067 2467 hominis
1082 2422 1157 2484 esse,

143 2493 256 2554 idcireo
279 2491 404 2556 barbaro
428 2495 571 2576 quaedam
595 2501 625 2556 et
647 2489 766 2558 σόλοικα
789 2494 974 2573 dispersisse.
