2620 4054
138 251 736 310 nusn.1-4.VIPSTAN1MESSALLAE
750 249 879 305 TEST.1.
894 251 1061 306 FRAGM.1.
1085 249 1152 316 315

137 415 167 466 et
196 403 334 465 Secundo
364 421 459 483 purus
487 412 517 463 et
544 419 667 481 pressus
695 403 792 482 et,in
817 411 959 480 quantum
984 404 1151 481 senserat,

135 494 289 573 profluens
312 511 411 553 sermo
434 510 495 552 non
518 492 613 554 deluit
636 500 666 552 et
689 510 716 570 q.
736 509 759 551 s.

99 579 134 648 4.
164 585 257 645 Tacit.
277 586 349 643 dial.
369 582 411 642 14
447 581 550 660 ltaque
579 580 679 641 hercle
707 598 767 640 non
790 581 889 640 minus
917 579 1039 659 probari
1060 578 1150 641 uideo

135 674 166 732 in
195 683 238 753 te,
267 671 417 750 Secunde,
450 669 528 749 quod
561 669 629 730 lulii
660 668 792 730 Africani
821 671 914 730 uitam
946 670 1150 748 componendo

135 779 218 840 spem
241 759 412 821 hominibus
440 760 538 820 fecisti
564 760 696 839 plurium
724 757 871 819 eiusmodi
892 757 1037 819 librorum
1061 769 1177 840 quami

133 852 165 910 in
188 852 268 929 Apro
292 858 322 910 et
346 868 373 928 q.
393 868 416 910 s.

347 1054 629 1144 VIPSTANVS
662 1053 937 1142 mussanti

530 1203 756 1259 unsmuomn
784 1283 786 1286 v

100 1318 133 1385 1.
160 1321 229 1383 Tac.
249 1323 316 1382 bist.
338 1321 431 1382 1119
466 1320 590 1380 interim
615 1317 697 1396 [cam
720 1321 869 1386 Antonias
897 1326 927 1380 et
953 1320 1085 1382 Caecina
1109 1324 1153 1381 ad

141 1411 291 1471 Veronam
310 1417 415 1471 castra
434 1411 570 1486 apposita
585 1410 734 1469 baberent
752 1410 796 1468 ad
812 1407 992 1486 Flauianos]
1016 1408 1150 1488 Aponius

1 1555 17 1577 ‚
133 1497 313 1560 Saturninus
327 1515 396 1559 cum
410 1498 527 1576 legione
546 1499 671 1576 septima
690 1495 849 1558 Claudiana
869 1497 999 1558 aduenit.
1040 1497 1150 1576 legioni

132 1586 272 1649 tribunus
287 1586 446 1666 Vipstanus
461 1585 596 1647 Messalla
615 1593 761 1666 praeerat,
775 1585 864 1646 claris
878 1585 1050 1666 maioribus,
1066 1606 1148 1666 egre·
1164 1599 1189 1640 10

12 1717 20 1734 a
132 1677 199 1755 gius
222 1678 288 1755 ipse
311 1685 342 1736 et
360 1679 413 1756 qui
431 1675 512 1736 solus
535 1676 572 1736 ad
595 1675 627 1736 id
650 1675 761 1735 bellum
778 1683 858 1735 artes
878 1673 970 1735 bonas
994 1674 1149 1738 attulisset.

132 1783 159 1825 c.
174 1765 221 1824 11.
236 1764 311 1825 IIII
321 1765 365 1825 42
378 1764 513 1844 Magnam
528 1783 563 1824 eo
578 1765 625 1826 die
641 1763 709 1842 [69.
723 1761 800 1841 822]
816 1766 936 1842 pietatis
951 1764 1150 1843 eloquentiae·

133 1871 191 1934 que
206 1854 313 1916 lamam
322 1853 482 1933 Vipstanus
496 1851 632 1914 Messalla
646 1854 770 1933 adeptus
786 1863 840 1934 est,
854 1852 987 1914 nondum
1002 1855 1149 1916 senatoria

133 1948 241 2021 aetate,
266 1959 357 2002 ausus
380 1960 435 2020 pro
458 1943 550 2002 fratre
568 1941 687 2022 Aquilio
710 1942 824 2022 llegulo
848 1942 1012 2022 deprecari.
1036 1951 1067 2003 et
1083 1962 1110 2024 q.
1126 1961 1149 2004 s.

98 2027 133 2094 2.
158 2028 305 2106 Interfuit
322 2033 444 2106 dialoaa
463 2034 502 2091 de
520 2035 615 2093 claris
638 2034 821 2105 oratoribus,
845 2035 991 2106 antiquae
1011 2036 1190 2107 elcanan-1⁵

133 2124 196 2180 tiae
213 2122 387 2181 admirator
405 2111 461 2202 (cs.
475 2121 557 2181 c.15
580 2119 656 2180 Tum
675 2122 767 2198 Aper:
785 2119 851 2181 Non
870 2121 992 2201 desinis,
1005 2119 1150 2200 Messalla,

133 2217 235 2270 uetera
258 2217 374 2271 tantum
397 2214 428 2268 et
446 2210 567 2289 antiqua
584 2210 696 2288 mirari,
719 2217 892 2270 nostrorum
914 2217 1013 2271 autem
1038 2218 1149 2289 tempo·

1 2300 26 2336 ⁵·
132 2316 203 2359 rum·
224 2296 323 2358 studia
352 2297 479 2358 irridere
507 2305 594 2377 atque
619 2295 832 2359 contemnere?
854 2305 886 2360 et
902 2317 929 2374 q.
948 2318 971 2360 s.
1003 2299 1047 2359 32
1070 2299 1150 2379 quad

132 2387 206 2447 mibi
226 2384 303 2464 [ipse
325 2385 473 2464 loquitar]
497 2387 529 2446 in
557 2386 773 2447 consuetudine
796 2395 855 2467 est,
880 2389 951 2448 satis
974 2387 1084 2449 multos
1108 2388 1150 2449 ol·

132 2473 231 2558 endi);
254 2479 320 2537 iari
341 2483 372 2538 et
385 2477 596 2553 philosophiae
615 2476 734 2536 deditas
753 2469 794 2558 (c.
808 2472 875 2555 32).
1164 2489 1191 2528 ¹⁰

417 2628 616 2684 HISTORIAM
635 2626 866 2690 FRAGMENTA

110 2785 115 2794 .
224 2736 281 2803 1*.
308 2742 378 2804 Tac.
397 2745 464 2832 laist.
481 2742 590 2803 11125
613 2740 656 2800 Eo
675 2738 834 2800 notabilior
852 2741 959 2802 caedes
976 2743 1034 2803 init
1052 2740 1153 2820 [apud
1160 2742 1214 2820 ᾖ

136 2832 314 2892 Cremonam
349 2829 607 2911 Vitellianarum,
640 2831 709 2908 quia
741 2827 820 2889 filius
847 2836 963 2908 patrem
991 2831 1212 2892 interficient

133 2937 197 2978 rem
221 2921 399 2999 nominaque
423 2928 543 2982 auctare
566 2919 709 2998 Vipstano
733 2915 868 2978 Messalla
891 2919 1014 2978 tradam.
1055 2919 1149 2982 lulius

1 3071 11 3091 Β
132 3006 306 3068 Mansuetus
333 3026 370 3069 ex
397 3008 552 3088 Hispania,
581 3008 692 3087 Rapaci
714 3006 823 3086 legioni
847 3006 978 3086 additus,
1007 3002 1150 3086 inpubem

133 3096 227 3157 filium
251 3097 332 3156 domi
354 3096 490 3176 liquerat.
531 3100 558 3158 is
582 3115 649 3158 mox
673 3095 800 3176 adultus,
824 3097 904 3156 inter
927 3097 1109 3175 septimanos
1133 3114 1190 3160 aaa

134 3183 224 3245 Galba
248 3187 451 3265 conscriptus,
482 3185 613 3246 oblatum
637 3186 713 3246 forte
736 3194 852 3264 patrem
875 3192 906 3256 et
929 3184 1052 3246 uolnere
1077 3193 1151 3244 stra·

134 3283 198 3334 tum
222 3274 293 3334 dum
317 3275 522 3335 semianimem
546 3283 706 3353 serutatur,
730 3276 848 3354 agnitus
871 3291 1096 3353 agnoscensque
1120 3281 1151 3333 et

134 3380 315 3440 exsanguem
339 3362 501 3441 amplexus,
524 3381 598 3423 uoce
621 3362 714 3422 llebili
736 3363 915 3441 precabatur
937 3365 1033 3442 piatos
1056 3363 1151 3442 patris

133 3469 236 3511 manes
264 3469 340 3512 neue
370 3470 401 3511 se
430 3461 463 3512 ut
486 3452 665 3530 parricidam
688 3460 914 3513 auerserentur:
942 3450 1097 3530 publicum
1119 3450 1150 3511 id

134 3541 258 3620 facinus,
282 3549 312 3599 et
334 3558 428 3600 unum
450 3539 575 3601 militem
599 3548 718 3620 quotam
749 3540 883 3601 ciuilium
910 3559 1061 3602 armorum
1084 3559 1150 3619 par·
1164 3563 1191 3602 aa

134 3626 216 3690 tem?
244 3629 332 3691 simul
365 3628 499 3691 attollere
528 3646 651 3710 cerpus,
684 3631 801 3708 aperire
833 3628 969 3708 humum,
1010 3647 1150 3708 supremo
