2670 4058
456 244 687 304 FRAGMENTA
704 252 819 305 49-63.
1081 251 1147 315 145

127 393 206 454 lilius
230 395 305 474 eius,
327 395 380 473 qui
403 395 504 472 priore
526 413 605 454 anno
628 397 693 456 erat
715 395 829 458 consul.
860 395 899 458 Ei
921 397 1038 459 consuli
1060 408 1148 479 pater

125 481 288 561 proconsul
310 481 431 542 obuiam
453 484 484 543 in
507 501 585 562 equo
609 484 723 545 uehens
741 487 826 546 uenit
844 503 942 566 neque
960 487 1144 551 descendere

125 571 237 651 uoluit,
256 571 336 651 quod
354 580 441 650 pater
459 581 531 652 erat,
545 580 584 652 et,
599 573 679 652 quod
697 576 846 648 intereos
865 575 1001 641 sciebant
1016 579 1145 638 maxima

124 659 285 720 concordia
316 661 492 739 conuenire,
521 660 643 722 lictores
671 681 732 723 nou
759 665 826 723 ausi
857 672 929 724 sunt
960 664 1143 728 descendere

124 747 238 810 iubere.
274 748 329 809 ubi
354 751 438 810 iuxta
465 751 561 829 uenit,
589 758 654 811 tum
680 751 785 812 consul
807 754 862 813 ait:
890 749 980 824 ‘Quia
1004 751 1167 833 postea'?⁵

124 836 213 898 lictor
231 837 291 918 ille,
309 839 363 916 qui
384 837 554 918 apparebat,
575 841 636 900 cito
659 840 813 920 intellexit,
831 840 993 904 llaximum
1014 861 1142 922 procon-

125 926 221 987 sulem
244 926 426 987 descendere
453 928 549 987 iussit.
594 927 704 990 Fabius
732 931 849 1008 inperio
876 939 963 1008 paret
990 940 1021 993 et
1047 932 1143 994 filiurn

124 1014 325 1096 conlaudauit,
347 1033 416 1076 cum
438 1017 597 1096 inperium,
620 1017 700 1096 quod
723 1017 828 1097 populi
849 1027 939 1100 esset,
960 1021 1114 1082 retineret.

214 1115 274 1183 58.
300 1123 372 1184 Gell.
386 1123 489 1183 XVII
502 1123 592 1197 13‚o
626 1122 701 1184 Item
723 1126 755 1184 in
779 1111 862 1186 sexto
886 1125 984 1186 anuafi
1007 1127 1141 1189 eiusdem

125 1207 361 1288 [Ouadriparit]
389 1210 483 1272 uerba
510 1211 583 1272 baec
612 1221 695 1273 suut:
717 1212 816 1274 Paene
839 1215 951 1275 laetum
979 1223 1039 1295 est,
1066 1219 1181 1296 quin10

123 1306 221 1359 castra
244 1299 451 1379 relinquerent
472 1307 562 1380 atque
584 1301 735 1362 cederent
749 1301 837 1364 hosti
949 1351 973 1364 ,,

214 1400 273 1469 59.
297 1409 372 1468 Non.
385 1425 409 1467 s.
423 1425 452 1467 u.
468 1425 595 1470 censere
610 1427 641 1485 p.
655 1408 726 1468 267
749 1407 963 1488 Quadrigarius
977 1410 1076 1472 annali
1089 1410 1140 1472 lib.

122 1491 174 1555 vl:
197 1493 241 1554 Ne
263 1513 319 1556 uos
342 1495 378 1555 ad
402 1497 598 1556 certationem
621 1515 743 1558 censeas
766 1497 840 1558 haec
863 1500 1021 1578 incepisse.

213 1595 273 1663 60.
298 1604 373 1664 Non.
391 1621 415 1663 s.
428 1621 458 1662 u.
477 1606 700 1680 aliquantisper
713 1623 745 1682 p.
760 1605 821 1664 511
853 1601 1065 1684 Quadrigarius
1089 1626 1155 1669 au·-

121 1689 182 1750 nali
204 1689 254 1752 lib.
269 1688 319 1752 Vl:
341 1691 564 1772 Aliquantisper
586 1699 716 1771 pugnato
739 1691 815 1754 nihil
836 1706 994 1772 premonet
1011 1695 1138 1758 Poenus
1154 1705 1180 1746 1⁵

494 1870 549 1925 Ex
566 1869 694 1927 LIBRO
713 1871 767 1925 Vll

212 1978 272 2046 61.
296 1987 411 2046 Nonius
423 2003 447 2046 s.
461 2004 491 2046 u.
504 1986 651 2047 babentia
666 2004 697 2063 p.
711 1985 773 2046 119
795 1984 887 2047 Libro
906 1989 1034 2066 septimo
1053 1987 1139 2050 Clau·

121 2072 203 2134 dius:
226 2073 348 2134 Animos
371 2091 477 2136 eorum
498 2072 639 2134 habentia
661 2073 786 2136 iullarat.
1149 2125 1201 2174 197

211 2173 296 2241 62*.
319 2181 388 2243 Liu.
401 2181 557 2242 XXXIII
570 2181 623 2255 10,
645 2181 666 2240 7
702 2178 793 2242 Caeso
817 2197 852 2240 co
875 2179 924 2240 die
948 2179 1072 2259 [pugna
1096 2186 1201 2263 aug-5}

7 2323 11 2336 ,
125 2267 382 2346 Cynoscephalas]
399 2276 466 2330 octo
480 2267 614 2330 hostium
626 2267 716 2348 milia,
730 2271 863 2348 quinque
878 2277 972 2348 capta.
990 2289 1028 2330 ex
1042 2272 1137 2332 uicto·

120 2355 206 2416 ribus
229 2358 412 2436 septingenti
428 2358 523 2420 terme
541 2357 723 2419 ceciderunt
741 2389 780 2402 -·-
796 2356 995 2420 —Claudius
1016 2378 1137 2440 quoque
1150 2369 1177 2412 ²⁰

121 2445 181 2507 duo
203 2453 235 2506 et
256 2447 380 2524 triginta
401 2445 481 2508 milia
500 2446 631 2508 bostium
650 2464 735 2507 caesa
755 2445 868 2526 scribit,
891 2455 977 2526 capta
996 2456 1137 2528 quattuor

120 2533 202 2594 milia
229 2542 259 2595 et
281 2543 441 2596 trecentos.
471 2529 536 2618 (Ec
554 2536 643 2598 Liuio
667 2537 751 2598 Oros.
771 2536 791 2595 I
796 2535 822 2594 V
836 2535 891 2609 20,
912 2535 943 2599 6.
970 2535 1011 2611 cf.
1037 2538 1136 2601 Valer.

117 2621 161 2698 fr.
178 2617 246 2704 32.)
1116 2645 1120 2652 ·
1147 2675 1162 2722 1

176 2731 180 2741 ’
210 2724 291 2791 63*.
306 2730 373 2791 Liu.
381 2731 536 2791 XXXIII
545 2731 626 2805 30‚1
639 2729 754 2790 Paucos
768 2736 836 2808 post
850 2728 915 2790 dies
928 2729 1033 2790 decem
1046 2675 1200 2813 legatiggss

120 2817 157 2878 ab
175 2817 268 2879 Roma
291 2827 452 2900 uenerunt,
474 2837 602 2898 quorum
625 2837 662 2878 ex
684 2817 809 2878 consilio
831 2836 889 2897 pax
912 2817 980 2878 data
998 2817 1135 2900 Philippo
1149 2841 1177 2882 ss

119 2909 152 2967 in
178 2906 233 2967 bas
260 2907 342 2986 leges
369 2917 429 2988 est,
451 2941 496 2952 -
518 2925 556 2968 ne
584 2905 652 2986 plus
680 2908 812 2986 quinque
843 2905 923 2968 milia
954 2914 1137 2968 armatorum

119 2995 244 3056 haberet
266 3014 345 3057 neue
366 2996 559 3076 elephantum
581 2995 684 3076 ullum,
706 2995 817 3056 bellium
839 3003 924 3056 extra
946 2994 1136 3056 blacedoniae

7 3103 8 3110 ¹
118 3085 195 3144 fines
209 3102 246 3145 ne
260 3087 377 3146 iniussu
396 3094 517 3146 senatus
537 3091 663 3164 gereret.
678 3117 721 3126 -—
735 3082 869 3145 Valerius
883 3086 986 3144 Antias
1005 3082 1063 3162 [fr.
1077 3083 1133 3161 33]

119 3181 299 3252 quaternum
326 3173 442 3235 milium
464 3173 561 3254 poulo
585 3175 700 3253 argenti
719 3173 846 3252 uectigal
868 3172 1024 3235 indecem
1041 3189 1135 3233 annos

118 3264 283 3340 inpositum
309 3265 375 3342 regi
401 3262 506 3344 tradit3
536 3261 677 3323 Claudius
704 3264 736 3322 in
763 3279 857 3322 anuos
883 3275 955 3322 xxx
990 3270 1134 3342 quaterna
1148 3285 1175 3325 so

118 3349 201 3412 milia
223 3351 323 3430 pondo
345 3359 376 3412 et
393 3351 522 3432 ducena,
545 3355 577 3412 tn
595 3367 738 3430 praesens
756 3365 805 3410 xx
826 3349 906 3411 milia
924 3350 1032 3430 pondo.
1054 3351 1135 3411 idem

117 3440 294 3502 nominatim
322 3440 470 3501 adiectum
497 3439 615 3521 scribit,
643 3457 681 3500 ne
708 3457 777 3500 cum
799 3438 933 3500 Eumene
956 3438 1046 3500 Attali
1073 3439 1134 3499 tilio

118 3521 233 3612 (nouus
255 3532 282 3590 is
305 3537 370 3590 tum
392 3546 446 3590 rex
468 3524 548 3610 erat)
571 3527 681 3589 ballum
704 3534 831 3606 gereret.
863 3530 895 3589 iu
917 3526 991 3588 baec
1014 3525 1134 3588 obsides

118 3621 243 3701 accepti,
266 3620 347 3679 inter
369 3635 446 3697 quos
467 3615 637 3678 Demetrius
659 3616 788 3696 Philippi
811 3616 897 3677 tilius.

172 3727 260 3780 Pauus,
273 3727 335 3770 mot.
349 3728 414 3770 Boua.
428 3728 510 3778 stagna.
939 3721 973 3769 10
