2640 4052
292 302 294 306 -
418 268 647 326 FRAGMENTA
666 275 780 328 se-os.
1067 269 1110 336 53

91 427 122 481 et
147 419 227 498 quod
251 419 354 482 oculos
372 421 495 500 exiguos
514 419 647 502 haberet,
666 419 825 482 Caeculum
844 419 1032 501 appellatum.
1060 419 1109 482 bio

91 506 299 586 colle[ctica‘e's]
322 509 493 589 pastoribus
517 507 638 587 [orbem
661 508 845 588 Praecepta
868 509 1013 572 fundauit.

183 592 291 659 66**.
315 599 403 660 Seru.
427 601 471 659 od
491 599 565 659 Aen.
592 599 656 658 VII
676 598 741 658 682
768 598 839 660 Cato
863 598 948 660 dicit:
985 597 1060 669 Quia
1084 601 1109 658 is

91 687 178 748 locus
200 686 354 748 montibus
377 695 517 768 praestet,
540 686 700 748 Praeneste
724 688 834 767 oppido
857 706 964 750 nomen
988 687 1078 749 dedit,

184 771 243 838 61.
268 777 420 838 Priscian
437 777 511 837 IIII
517 796 548 853 p
563 775 627 836 129
640 784 670 838 et
691 777 754 837 VII
760 796 791 855 p
806 778 875 838 337
889 778 924 837 H.
949 776 1020 838 Cato
1035 776 1109 838 Cen·
1123 799 1137 841 s

92 865 248 927 serius-
267 867 298 925 iu
321 863 348 924 11
371 857 564 948 (originum):
589 865 622 926 Si
640 867 707 946 quis
726 873 863 927 mortuus
885 877 932 926 est
951 865 1110 948 Arpinatis,

92 957 160 1016 eius
182 953 324 1015 heredem
349 971 432 1016 sacra
455 971 516 1014 non
539 947 716 1016 secunturu‘

184 1037 290 1105 62**.
315 1044 403 1106 Sero.
418 1047 462 1105 od
473 1044 547 1106 Aeo.
562 1044 696 1104 X1567
709 1043 793 1106 Licet
808 1042 977 1122 [Metabus]
991 1043 1110 1105 Priuer-

92 1150 147 1194 nas
166 1140 255 1212 esset,
273 1139 381 1214 tamen,
401 1133 470 1212 quia
488 1134 519 1193 in
533 1132 727 1194 Tuscorum
719 1151 785 1194 rure
803 1151 898 1212 paene
916 1135 1014 1194 omnis
1028 1131 1111 1194 ltalia

92 1222 199 1302 lucrat,
214 1221 394 1300 generaliter
408 1224 439 1284 in
453 1220 604 1286 Metabum
618 1225 750 1284 omnium
765 1223 832 1284 odia
846 1221 1025 1284 ferebantur.
1041 1240 1109 1284 nam
1123 1243 1150 1286 ro

90 1311 198 1390 pulsus
221 1311 320 1372 luerat
337 1329 354 1372 a
371 1319 460 1391 gente
479 1309 661 1392 Volscorum,
685 1329 760 1391 quae
780 1313 869 1373 etiam
887 1313 950 1391 ipsa
970 1310 1110 1374 Etrusco-

91 1419 160 1464 rum
174 1407 322 1480 potestate
335 1400 506 1480 regebatur,
521 1400 600 1480 quod
615 1399 687 1461 Cato
700 1399 873 1480 plenissime
893 1409 1036 1462 executus
1055 1408 1110 1463 est.

183 1483 242 1551 63.
265 1491 344 1552 Fest.
362 1508 386 1552 ι.
400 1507 430 1551 ιι.
448 1491 625 1556 sublimatae
642 1508 674 1567 p.
687 1490 759 1550 306
772 1490 814 1550 M.
840 1488 1017 1559 Sublimauit
1035 1490 1111 1551 dixit

97 1580 171 1640 dato
188 1609 226 1620 —
244 1580 393 1658 originum
412 1577 430 1638 l.
449 1576 489 1638 ll:
512 1576 546 1638 ln
564 1580 726 1639 marimum
744 1579 838 1641 decus
856 1586 946 1658 atque
963 1580 994 1640 in
1013 1579 1108 1640 excel·

93 1669 242 1728 sissimam
265 1665 474 1729 claritudinem
494 1665 673 1728 sublimauit.
1122 1688 1148 1730 ιι

136 1816 139 1820 ,
183 1749 243 1818 64.
270 1757 387 1818 Ultoris.
412 1756 480 1833 Ip.
499 1754 540 1815 91
562 1758 601 1817 H.
634 1754 714 1827 Ques
737 1764 837 1817 autem
861 1755 971 1820 dixisse
990 1765 1110 1818 ueteres

93 1846 265 1906 testimonio
280 1853 327 1906 est
341 1844 421 1924 Cato,
436 1846 489 1925 qui
503 1846 544 1906 ait
558 1847 706 1923 originum
721 1845 760 1907 11:
775 1844 984 1924 Quoscumque
999 1844 1109 1907 Romae

91 1935 310 2012 reposuissent.
321 1936 378 2007 (a
388 1935 486 1996 Prisc.
497 1934 588 1995 XIII
593 1933 652 2012 μθ
661 1935 698 1996 H.
713 1937 791 1997 libro
806 1937 936 2008 emessa.)

183 2016 242 2086 65.
265 2024 341 2086 Non.
355 2042 378 2084 s.
392 2041 422 2084 ιι.
433 2025 575 2099 putidum
589 2042 621 2099 p.
635 2023 698 2083 152
721 2022 791 2084 Cato
811 2025 960 2102 originum
977 2023 1054 2084 libro
1069 2022 1108 2087 11:

93 2110 125 2172 si
139 2111 209 2173 inde
224 2114 255 2173 in
269 2113 356 2174 nauis
370 2111 489 2192 putidas
503 2119 592 2192 atque
607 2114 773 2174 sentinosas
788 2121 985 2174 commeatum
996 2130 1108 2192 ponere
1122 2134 1150 2175 ro

91 2199 241 2262 uolebant.

183 2283 243 2352 66.
262 2291 416 2352 Proiectae.
438 2290 502 2366 Vp.
518 2289 630 2351 15211.
655 2289 750 2352 Cato
742 2308 773 2351 m
787 2289 814 2352 ll
828 2292 991 2371 originum:
1005 2289 1108 2371 ltaque

92 2397 141 2440 res
165 2377 241 2440 uber
264 2378 329 2458 luit,
353 2387 512 2458 autequam
535 2378 729 2458 legiones.

182 2461 242 2529 67.
267 2469 420 2530 hectora
443 2468 512 2545 Vp.
527 2468 590 2527 171
609 2469 645 2528 H
679 2427 1109 2550 earo''m11:la1sate,qui

90 2557 169 2637 apud
197 2555 448 2635 Karthaginenses
477 2556 518 2618 lit.
555 2557 663 2628 (ΞΑ
663 2560 755 2619 leuia.
775 2577 806 2635 p.
825 2557 913 2618 2091
937 2559 970 2618 P.
999 2562 1147 2621 omissoas

91 2648 241 2719 numero.)

463 2746 518 2800 EX
536 2743 665 2800 LIBRO
686 2746 733 2802 ΙΙΙ.

181 2851 285 2920 68**.
310 2859 387 2921 Ptin.
410 2877 439 2920 ιι.
458 2862 487 2921 Ιι.
508 2859 565 2919 HI
584 2858 626 2919 98
652 2858 810 2920 Praeterea
832 2861 972 2920 interisse
990 2858 1108 2920 Thebas

90 2947 227 3008 Lucanas
249 2946 320 3008 Cato
344 2953 448 3009 auctor
470 2956 525 3010 est.

182 3030 287 3098 69**.
314 3037 412 3100 Vellei.
428 3038 449 3097 I
461 3037 526 3118 7‚2
549 3035 674 3108 Quidam
688 3035 779 3098 huius
794 3035 947 3114 [Hesiodi]
962 3039 1106 3116 temporis

91 3133 189 3186 tractu
208 3127 292 3188 aiunt
310 3145 327 3187 a
345 3125 453 3188 Tuscis
473 3125 602 3206 Capuam
617 3124 780 3205 Nolamque
801 3124 950 3187 conditam
969 3133 1036 3187 ante
1056 3144 1105 3186 an·
1120 3148 1147 3189 so

92 3231 147 3276 nos
167 3214 229 3275 lere
244 3217 432 3295 octingentos
446 3222 477 3276 et
490 3216 621 3295 triginta,
637 3212 746 3295 quibus
760 3214 898 3294 equidem
912 3214 1105 3276 adsenserim.

93 3301 268 3364 Sedll.Cato
277 3312 419 3384 quantum
429 3302 603 3383 dillerthui
612 3302 826 3383 dic'atCapuam
834 3303 870 3366 ab
880 3303 1106 3366 eisdemTuscls

92 3393 241 3454 conditam
265 3411 299 3454 ao
318 3392 443 3456 subinde
463 3391 721 3473 Nolam-stetisse
740 3400 839 3454 autem
863 3392 1001 3475 Capuam,
1024 3400 1105 3453 ante·

91 3500 211 3562 quama
229 3480 369 3544 Romanis
389 3489 555 3563 caperetur,
574 3483 659 3543 annis
674 3482 794 3544 circiter
813 3482 951 3544 ducentis
974 3489 1004 3542 et
1022 3500 1104 3544 sexa·

90 3573 179 3648 ginta.
203 3569 283 3651 quod
303 3574 328 3632 si
347 3573 388 3633 ita
407 3580 461 3654 est,
480 3588 550 3632 cum
568 3572 629 3632 siut
643 3589 659 3632 a
674 3570 773 3650 Capua
791 3580 876 3651 capta
894 3572 964 3632 anni
982 3570 1144 3634 ducenties

90 3669 120 3721 et
133 3660 338 3742 quadraginta,
353 3669 386 3722 ιιι
401 3660 520 3722 condita
535 3668 589 3742 est,
601 3662 671 3721 anni
686 3668 757 3721 sunt
775 3660 837 3720 iere
853 3661 1015 3740 quingenti.
1039 3677 1103 3741 ego,
