2638 4056
470 219 731 276 FRAGMENTVM
751 228 792 277 11.
1075 221 1139 289 257

125 393 144 449 η
171 371 332 450 κληρουχία
357 373 417 432 τῶν
444 367 477 431 έν
506 371 665 444 Φιλίπποις
693 363 941 451 πεπολεμηκότων
968 367 1036 434 οῦτε
1062 370 1141 446 ἔλεος

13 463 14 552 ί
125 471 183 529 τῶν
205 471 344 549 γεωργῶν
365 462 400 530 τά
418 461 548 548 κτήματα
566 461 810 548 ἀφαιρουμένων,
828 468 891 531 ἐπεὶ
910 463 992 552 κάγτδ
1010 475 1071 544 τοῖς
1087 475 1141 533 τοῦ

127 560 259 645 ἀδελφοῦ
272 562 381 627 τέλεσιν
395 560 523 638 οίκιστδις
540 563 648 643 ἔδωκα,
662 567 693 627 οἳ
707 561 743 626 τδι
760 570 821 628 τῶν
838 571 977 648 γεωργῶν
994 561 1141 649 ἀφαιροῦ·

126 685 208 742 μενοι
229 669 291 736 τοῖς
314 661 571 744 στρατευσαμένοις
593 661 739 742 διένεμον.
772 658 846 724 άλλά
866 687 901 744 με
919 660 956 737 σῦ
979 661 1068 745 τήνδε
1086 661 1141 745 τὴν

126 755 270 840 διαβολὴν
297 756 398 835 αὐτοῖς
425 759 587 849 διέβαλλες,
614 755 670 841 τὴν
698 761 795 824 αἰτίαν
821 765 874 824 τοῦ
901 761 1032 843 πολέμου
1060 779 1167 844 μετα-5

126 856 226 938 φέρων
248 856 296 920 ἐπὶ
318 853 374 938 τὴν
395 859 576 939 κληρουχίαν
601 852 662 921 ιἰπδ
692 862 816 938 σαυτοῦ,
842 859 893 938 καὶ
919 861 993 947 τῷδε
1021 856 1141 941 μάλιστα

126 951 236 1030 αῦτοῦς
257 950 334 1018 έλδον
356 955 428 1037 ἐμοῦ
454 951 642 1037 κεκράτηκας.
679 951 902 1036 ἀνεπείσθησαν
929 953 985 1040 γὰρ
1008 963 1141 1038 πολεμεῖ-

126 1055 200 1115 σθαί
224 1076 254 1115 τε
276 1048 328 1116 ὑπ’
354 1054 426 1135 ἐμοῦ
443 1053 505 1116 καί
531 1049 702 1135 ιἰμῦνεσθαί
727 1077 762 1135 με
788 1051 959 1118 άδικοῦντα.
996 1051 1141 1136 τεχνάζειν

126 1147 179 1230 μὲν
201 1147 242 1233 δή
263 1171 295 1214 σε
317 1152 377 1215 ἔδει
404 1155 601 1233 πολεμοῦντα*
639 1149 801 1234 νικήσαντα
824 1152 871 1232 δέ,
899 1154 926 1215 εί
954 1150 1008 1234 μὲν
1035 1148 1142 1233 ἐχθρὸς

79 1301 86 1310 .
126 1243 154 1310 εί
168 1255 224 1331 τῆς
245 1252 397 1331 πατρίδος,
419 1247 494 1332 κᾶμὲ
516 1245 655 1333 ἡγεῖσθαι
672 1249 824 1331 πολέμιον,
846 1246 866 1311 δ
885 1250 974 1325 ἔδοξα
991 1251 1140 1313 συνοίσειν
1156 1267 1181 1306 10

126 1343 200 1432 αὐτῇ
222 1349 409 1430 βουληθέντα
431 1348 499 1431 μέν,
527 1345 564 1412 οῦ
592 1347 763 1428 δυνηθέντα
791 1345 824 1410 δὲ
848 1343 897 1410 διδι
921 1344 1015 1428 λιμόν.
1051 1345 1140 1430 Λέγω

127 1443 271 1508 δὲταῦτα
294 1443 352 1529 ἐγω
375 1445 539 1530 ἐγχειρίζων
566 1444 620 1528 μέν
646 1441 775 1526 ἐμαυτόν
802 1465 864 1525 σοι,
887 1443 1024 1527 καθάπερ
1047 1439 1142 1525 εἶπον,

126 1543 156 1619 ἐς
174 1539 197 1607 ό
223 1569 249 1606 τι
271 1545 386 1624 θέλοις,
413 1541 592 1620 δττοδεικνῦς
620 1540 653 1606 δέ
681 1539 729 1607 οἷα
755 1544 806 1607 καί
834 1541 979 1625 πρότερον
1004 1543 1055 1605 καλ
1084 1549 1142 1606 νῦν

69 1637 80 1654 “
126 1637 277 1722 ἐφρόνησα
298 1641 366 1722 περὶ
393 1647 449 1706 σοῦ
476 1643 527 1705 καὶ
554 1647 677 1725 φρονῶν
704 1643 745 1704 ἐτι
773 1639 865 1723 μόνος
892 1633 1055 1723 άφικόμην.
1091 1640 1142 1704 καί

125 1737 191 1819 περὶ
214 1736 269 1817 μὲν
290 1738 364 1820 ἐμοῦ
385 1745 522 1818 τοσαῦτα,
544 1739 611 1820 περὶ
634 1738 667 1801 δὲ
684 1745 744 1802 τῶν
764 1743 861 1820 φίλων
879 1740 998 1803 καὶτοῦ
1018 1742 1141 1821 στρατοῦ
1156 1754 1181 1795 1⁵

126 1833 250 1915 παντός,
278 1839 305 1900 εί
326 1834 380 1918 μέν
403 1833 457 1918 οῦχ
479 1832 655 1912 ῦποπτεῦεις
678 1861 713 1918 με
731 1836 867 1920 λε’γοντα,
891 1834 1083 1919 συμβουλεύω
1106 1823 1140 1900 τά

126 1933 174 1997 σοὶ
196 1931 319 2014 μάλιστα
342 1930 564 2015 ὠφελιμώτατα,
587 1932 681 2015 μηδὲν
704 1931 805 1997 δεινὸν
828 1930 937 2008 αὐτοὺς
959 1929 1141 2016 ἐργάσασθαι

127 2027 177 2094 διδ
199 2027 254 2112 τὴν
276 2029 351 2113 ἐμην
376 2030 426 2094 καὶ
450 2029 531 2112 [τὴν]
560 2028 618 2113 σὴν
645 2033 844 2112 φιλονεικίαν,
873 2030 948 2112 μηδὲ
976 2028 1142 2111 δι’νθρωπον

126 2125 198 2192 ὅντα
215 2128 266 2191 καλ
283 2126 356 2214 τόχη
374 2125 536 2211 χριόμενον,
555 2125 592 2193 οῦ
610 2131 720 2215 βεβαίῳ
745 2125 902 2213 πράγματι,
919 2133 1050 2192 κωλῦσαι
1072 2125 1142 2204 τοῦς

126 2223 313 2290 κινδυνεύειν
331 2228 363 2290 ἐν
381 2224 482 2310 τῦχαις
503 2223 524 2309 ἢ
542 2229 652 2310 χρείαις
670 2223 868 2308 ἐθελήσοντάς
885 2249 955 2290 ποτε
976 2221 1052 2307 ὑπὲρ
1075 2233 1140 2305 σοῦ,
1155 2243 1181 2283 2⁰

127 2321 280 2404 μαθόντας
301 2325 334 2388 ἐκ
355 2328 443 2389 τοῦδε
464 2331 516 2389 τοῦ
536 2331 590 2389 σοῦ
609 2319 705 2406 νόμον
726 2325 918 2388 δυσέλπιστον
935 2321 1081 2398 σώζεσθαι
1100 2321 1140 2406 μὴ

125 2421 335 2502 κατορθοῦσιν.
372 2425 399 2486 εί
430 2420 463 2484 δὲ
489 2417 622 2498 ῦποπτος
643 2418 663 2504 ἢ
687 2419 809 2498 ῦπιστος
831 2423 942 2505 ἐχθροῦ
964 2428 1045 2486 πᾶσα
1068 2441 1141 2502 συμ-

126 2515 231 2600 βουλή,
254 2517 310 2610 οῦκ
333 2517 412 2584 ὀκνῶ
434 2519 485 2582 καί
506 2526 688 2601 παρακαλεῖν
711 2539 742 2583 σε
766 2516 806 2602 μὴ
836 2517 906 2596 τοῦς
929 2522 1036 2599 φίλους
1062 2522 1140 2583 τίνυ-

126 2625 200 2680 σθαι
221 2623 273 2698 τῆς
295 2618 368 2700 ἐμῆς
390 2614 533 2701 διμαρτίας
554 2618 605 2681 καὶ
626 2615 717 2700 τύχης
738 2614 801 2680 ἄλλ’
827 2616 857 2693 ἐς
886 2615 937 2697 ἐμέ
963 2623 1142 2700 συναγαγεῖν

125 2711 234 2794 πάντα,
255 2711 308 2778 τόν
330 2712 452 2779 πάντων
474 2718 581 2779 αἴτιον·
608 2712 664 2796 ἀφ’
690 2707 728 2796 ἧς
751 2711 788 2798 δὴ
813 2710 933 2798 γνω’μης
955 2711 1064 2789 αῦτοδς
1086 2709 1140 2776 ῦπ-
1156 2731 1182 2771 25

126 2809 284 2894 ελιπόμην,
303 2815 354 2876 λ’να
372 2812 412 2894 μὴ
432 2809 550 2895 δόξαιμι
567 2813 615 2876 σοί
631 2809 701 2876 τάδε
719 2813 812 2896 λέγων
831 2813 952 2876 ἐκείνων
969 2807 1142 2875 ἀκουόντων

125 2904 200 2991 ῦπὲρ
223 2911 352 2992 ἐμαυτοῦ
374 2906 521 2993 τεχνάζων
544 2907 662 2974 εἰπεῖν’.

89 3089 95 3097 Ι
218 3015 346 3073 Τοιαῦτα
369 3008 403 3071 δὲ
430 3003 564 3085 εἰπόντος
590 3015 643 3072 τοῦ
665 3009 799 3072 Λευκίου
822 3007 872 3072 καὶ
899 3004 1102 3088 σιωπήσαντος
1124 3002 1141 3070 δ

126 3110 245 3189 Καῖσαρ
268 3107 375 3183 ἔλεξεν·
399 3104 584 3171 υἈσπονδον
601 3108 656 3190 μέν
679 3128 714 3171 σε
731 3103 871 3170 κατιόντα
887 3102 962 3186 πρὸς
981 3105 1030 3187 ἐμὲ
1053 3101 1142 3189 δρῦν,

127 3195 152 3266 ὦ
179 3199 304 3284 Λεόκιε,
335 3200 492 3286 ὑπήντησα
517 3211 577 3268 τῶν
604 3206 684 3287 ἐμάν
711 3201 863 3286 ἐρυμάτων
895 3204 936 3266 ἐτι
964 3199 1047 3278 ἐκτὸς
1078 3200 1143 3267 όντι
1156 3218 1183 3258 ³⁰

125 3298 201 3364 κατὰ
230 3299 382 3384 σπουδήν,
409 3302 460 3365 ἵνα
486 3303 526 3364 ἐτι
553 3299 656 3383 πόριος
684 3297 727 3366 τόν
755 3307 880 3365 σεαυτοῦ
909 3297 1065 3383 βουλεόοιο
1092 3302 1143 3365 καλ

126 3397 223 3482 λέγοις
243 3401 293 3462 καλ
316 3393 453 3482 πράττοις
475 3395 495 3462 δ
519 3403 645 3480 νομίζεις
667 3419 716 3463 σοι
733 3401 890 3462 συνοίσειν.
921 3398 984 3462 ἐπεὶ
1007 3396 1047 3478 δ’,
1070 3395 1143 3481 ὅπερ

126 3495 187 3560 ἐστὶ
209 3501 269 3561 τῶν
281 3493 400 3560 άδικεῖν
418 3493 652 3581 δμολογοῦιτων,
675 3492 785 3561 σαυτόν
806 3491 879 3577 ἡμῖν
901 3495 1071 3576 ἐπιτρέπεις,
1094 3493 1143 3560 οῦ-

127 3592 181 3656 δὲν
204 3595 244 3658 ἐτι
268 3594 371 3676 δέομαι
394 3595 549 3678 διελέγχειν
571 3593 627 3659 ὅσα
649 3591 706 3660 σδν
727 3594 814 3678 τέχνη
837 3617 895 3673 μου
918 3590 1076 3671 διεψεόσω.
1112 3593 1143 3669 ἐξ

183 3705 271 3760 Ριυιιε,
285 3707 348 3748 Hist.
360 3708 426 3749 Rom.
439 3707 521 3758 fragm.
950 3699 981 3749 17
