2640 4052
495 291 726 350 FRAGMENTA
745 298 823 350 1-3.
1144 293 1166 358 5

150 442 207 504 hoc
232 443 289 525 die,
313 462 402 524 quem
425 451 497 524 aput
515 443 646 505 Ennium
669 445 749 504 etin
767 444 902 504 maximis
921 442 1077 505 annalibus
1096 462 1165 505 con·

152 535 301 612 signatum
327 532 671 616 uidemus‚superioris
700 532 771 594 solis
800 533 982 594 defectiones
1012 540 1165 613 reputatae

151 623 212 683 sint
234 640 330 702 usque
353 622 391 684 ad
413 621 502 704 illam,
526 642 602 703 quae
621 624 709 686 nonis
728 620 928 693 Quinctilibus
947 621 1004 683 fuit
1022 629 1166 702 regnante

150 709 285 773 Romulo.
319 711 428 792 quibus
447 712 569 792 quidem
582 710 742 773 Romulum
756 711 897 793 tenebris,
912 713 1001 772 etiam
1015 713 1041 772 si
1059 721 1165 773 natura

151 800 187 862 ad
210 800 373 862 humanum
397 802 510 862 exitum
532 801 672 883 abripuit,
694 802 793 862 curtus
816 809 916 862 tamen
939 803 971 862 in
990 800 1106 862 caelum
1124 801 1193 863 dis

151 891 230 952 citur
253 889 419 952 sustulisse.

242 975 275 1044 3.
297 982 370 1042 Gall.
386 981 462 1041 IIII
476 981 497 1039 5
517 979 620 1041 Statua
634 979 745 1040 Romae
764 982 795 1040 in
810 981 932 1041 comitio
950 980 1048 1060 posita
1062 977 1167 1040 Horati

152 1068 286 1151 Coclitis,
309 1068 466 1131 fortissimi
487 1071 560 1151 uiri,
584 1068 621 1130 de
645 1068 726 1130 caelo
750 1078 828 1130 tacta
850 1077 905 1131 est.
951 1068 988 1130 ob
1012 1068 1043 1130 id
1066 1067 1167 1146 lulgur

151 1158 276 1239 piaculis
299 1158 443 1220 luendum
465 1161 618 1238 aruspices
638 1177 674 1220 ex
692 1158 813 1220 Etruria
832 1159 919 1220 acciti
937 1159 1058 1219 inimico
1078 1165 1167 1237 atque

119 1246 254 1309 -'bostili
276 1250 308 1308 in
331 1247 476 1329 populum
498 1247 664 1310 Romanum
683 1250 780 1309 auimo
799 1249 991 1310 instituerant
1014 1265 1079 1308 eam
1102 1264 1167 1307 rem
1181 1267 1207 1308 ro

153 1338 312 1398 contrariis
330 1336 525 1417 religionibus
543 1356 715 1418 procurare.
748 1345 837 1418 atque
856 1336 935 1398 illam
956 1341 1083 1398 statuam
1101 1354 1167 1397 sua·

153 1433 258 1488 serunt
281 1427 313 1487 in
334 1427 508 1489 inferiorem
527 1427 625 1488 locum
648 1445 807 1506 perperam
825 1429 998 1507 transponi,
1013 1444 1102 1506 quem
1124 1423 1168 1486 sol

152 1517 293 1596 oppositu
303 1517 416 1578 circum
426 1516 559 1597 undique
570 1515 691 1577 aliarum
701 1517 819 1577 aedium
826 1533 989 1596 numquam
996 1514 1168 1578 illustraret.

154 1604 233 1685 quod
256 1623 325 1667 cum
348 1607 389 1666 ita
412 1605 478 1666 fieri
495 1607 724 1687 persuasissent,
743 1605 833 1667 delati
852 1605 889 1667 ad
906 1604 1049 1686 populum
1068 1603 1168 1684 prodi-

153 1695 235 1776 tique
255 1701 326 1756 sunt
344 1701 383 1776 et,
406 1712 475 1756 cum
495 1695 531 1756 de
550 1695 674 1775 perfidia
693 1695 824 1756 confessi
842 1703 951 1775 essent7
970 1695 1069 1755 necati
1090 1700 1168 1774 suut,
1183 1713 1209 1754 ιε

153 1785 356 1864 constititque,
380 1802 446 1845 eam
469 1791 604 1866 statuam,
627 1785 753 1863 proinde
776 1791 811 1846 ut
833 1802 923 1846 uerae
947 1785 1079 1844 rationes
1102 1790 1171 1860 post

153 1881 323 1952 compertae
341 1872 511 1954 monebant,
533 1876 565 1935 in
584 1872 683 1936 locum
706 1874 819 1934 editum
838 1871 1062 1935 subducendam
1080 1880 1169 1951 atque

154 1963 195 2023 ita
213 1963 244 2022 in
264 1980 332 2024 area
350 1961 472 2023 Volcani
491 1961 663 2024 sublimiore
682 1961 748 2023 loco
768 1962 967 2042 statuendam3
986 1979 1022 2021 ex
1042 1979 1101 2040 quo
1120 1978 1170 2021 res

153 2050 230 2112 bene
253 2070 287 2112 ac
310 2069 455 2131 prospere
477 2051 588 2131 populo
607 2049 739 2112 Romano
759 2053 858 2112 cessit.
887 2059 952 2111 tum
969 2051 1070 2130 igitur,
1090 2049 1170 2129 quod

153 2142 186 2200 iu
204 2139 349 2204 Etruscos
367 2142 520 2221 aruspices
543 2140 618 2201 male
638 2139 822 2202 consulentis
841 2139 1082 2201 animaduersum
1106 2140 1170 2200 uin·
1184 2159 1210 2200 so

154 2229 345 2310 dicatumque
365 2229 471 2309 iuerat,
490 2247 598 2291 uersus
616 2229 666 2292 hic
686 2231 760 2291 scite
781 2229 875 2291 lactus
895 2236 1089 2309 cantatusque
1105 2246 1171 2288 esse

155 2337 172 2380 a
195 2321 297 2399 pueris
320 2318 396 2381 urbe
420 2326 482 2380 tota
504 2319 614 2380 fertur:

288 2406 399 2469 Malum
422 2408 580 2469 consilium
603 2406 769 2470 consultori
790 2409 955 2488 pessimum
978 2413 1033 2467 est.

244 2495 286 2557 Ea
308 2496 434 2559 historia
457 2497 494 2558 de
517 2497 706 2578 aruspicibus
729 2516 763 2559 ac
787 2497 824 2558 de
847 2515 940 2559 uersu
967 2497 1025 2556 isto
1053 2497 1171 2556 senario

156 2587 268 2666 scripta
282 2588 374 2648 estin
388 2585 544 2648 annalibus
563 2589 699 2647 maximis
717 2585 794 2648 libro
813 2587 971 2648 undecimo
991 2593 1022 2646 et
1040 2586 1071 2645 in
1085 2583 1171 2644 Verri
1185 2605 1211 2646 ss

154 2674 254 2736 Flacci
277 2673 354 2736 libro
377 2678 473 2756 primo
498 2694 598 2737 rerum
622 2678 764 2737 memoria
788 2675 953 2755 dignarum.
982 2739 984 2742 .
