2640 4052
360 1079 658 1169 Anninus
698 1081 947 1168 ΜΑΧΙΜΙ

537 1195 765 1286 enarmonii

107 1377 142 1446 l.
168 1381 230 1442 Cic·
245 1383 284 1444 de
298 1387 376 1442 orat.
390 1381 431 1442 ΙΙ
445 1379 494 1456 12,
508 1379 553 1440 52
575 1377 648 1441 Erat
670 1383 751 1444 enim
768 1380 893 1443 historia
910 1379 986 1442 nihil
1003 1380 1084 1443 aliud
1101 1383 1163 1446 nisi

144 1468 296 1532 annalium
321 1467 483 1551 confecti03
507 1470 593 1532 cuius
616 1471 662 1532 rei
684 1472 904 1552 memoriaeque
926 1469 1064 1552 publicae
1091 1473 1162 1534 reti-

143 1559 260 1620 nendae
293 1576 381 1620 eausa
414 1557 451 1619 ab
478 1559 564 1620 initio
594 1576 697 1624 rerum
724 1557 925 1621 Romanarum
952 1577 1047 1640 usque
1070 1559 1107 1621 ad
1129 1559 1162 1622 P.

48 1693 56 1706 .
142 1646 277 1710 Mucium
306 1646 380 1726 [eos.
399 1648 471 1709 133.
493 1645 583 1729 621J,
605 1648 778 1728 pontificem
795 1650 967 1730 maximum,
989 1667 1039 1711 res
1058 1667 1162 1712 omnes

144 1737 331 1818 singulorum
364 1755 510 1799 annorum
536 1736 696 1800 mandabat
722 1737 831 1799 litteris
854 1737 989 1819 pontifex
1016 1739 1188 1802 maximusa

143 1825 355 1908 referebatque
370 1828 402 1888 in
416 1825 515 1889 album
530 1836 560 1888 et
572 1825 758 1908 proponebat
772 1826 903 1888 tabulam
918 1827 1010 1910 domi,
1028 1834 1161 1907 potestas

142 1923 179 1977 ut
202 1922 283 1977 esset
304 1915 415 1996 populo
439 1915 652 1998 eognoscendi3
683 1918 770 1997 iqui
798 1917 886 1977 etiam
910 1934 991 1978 nune
1015 1916 1162 1978 annales

141 2007 289 2068 maximi
311 2007 511 2067 nominantur.
552 2004 629 2066 hane
653 2004 879 2067 similitudinem
901 2004 1054 2068 scribendi
1074 2004 1163 2067 multi

143 2097 242 2156 secuti
256 2102 335 2176 sunt,
346 2096 398 2174 qui
412 2096 476 2155 sine
490 2093 560 2155 ullis
574 2096 758 2155 ornamentis
771 2101 964 2156 monumenta
979 2093 1075 2155 solum
1088 2101 1162 2155 tem·

141 2201 261 2265 porum,
278 2183 443 2264 hominum,
460 2183 594 2244 locorum
616 2190 826 2264 gestarumque
846 2201 948 2245 rerum
966 2182 1161 2264 reliquerunt.
1174 2207 1202 2249 ro

101 2269 139 2339 2.
161 2273 248 2334 Sero.
271 2275 315 2334 ad
336 2273 411 2334 Aeo.
432 2273 541 2334 1373
572 2271 616 2333 lta
643 2280 743 2334 autem
766 2271 886 2334 annales
914 2272 1162 2335 conficiebantur:

141 2360 274 2423 tabulam
298 2360 463 2423 dealbatam
484 2363 644 2443 quotannis
666 2363 800 2441 pontifex
823 2364 972 2424 maximus
993 2361 1107 2444 habuit,
1129 2363 1163 2424 in

140 2468 201 2530 qua
218 2451 413 2530 praescriptis
435 2450 592 2513 consulum
615 2450 786 2514 nominibus
809 2458 840 2512 et
863 2451 989 2513 aliorum
1006 2453 1161 2530 magistra-

139 2547 227 2600 tuum
246 2538 333 2618 digna
356 2546 523 2601 memoratu
541 2547 645 2600 notare
664 2549 860 2602 consueverat
879 2540 960 2602 domi
975 2539 1160 2620 militiaeque

139 2636 223 2689 terra
240 2629 376 2708 marique
395 2635 478 2707 gesta
492 2647 552 2708 per
571 2627 703 2708 singulus
722 2629 796 2712 dies,
816 2632 903 2692 euius
922 2628 1091 2709 diligentiae
1110 2647 1159 2689 an·
1173 2650 1200 2692 ιι

138 2735 217 2778 nuos
234 2717 471 2778 =mentarios
492 2719 524 2778 in
550 2719 700 2797 octoginta
727 2719 820 2781 llbnos
846 2726 967 2780 ueteres
990 2717 1160 2779 retulerunt

139 2823 252 2886 eosque
276 2824 293 2866 a
313 2805 510 2886 pontificibus
532 2809 682 2891 maximis,
710 2827 726 2870 a
754 2809 863 2890 quibm
886 2806 1011 2888 flebant,
1038 2805 1159 2868 annales

138 2897 284 2956 maximos
306 2895 502 2975 appellarunt.
551 2896 592 2974 ef.
614 2897 755 2961 Maeoni.
777 2905 834 2960 sot.
858 2895 959 2972 1112,
977 2896 1029 2956 17.
1071 2895 1158 2957 Paul.

100 3071 138 3140 3.
167 3075 228 3136 Cia,
251 3077 290 3136 de
312 3077 369 3150 lep.
393 3075 415 3135 I
433 3074 464 3150 2,
485 3074 508 3135 θ
528 3074 601 3136 Post
622 3075 735 3137 annalis
757 3075 933 3154 pontificum
951 3075 1158 3156 maximorum,
1172 3097 1198 3137 ao

140 3161 354 3243 quorsumn
381 3171 481 3244 potest
506 3181 577 3226 esse
598 3166 748 3246 ieiunius,
771 3166 797 3226 si
824 3171 876 3225 aut
896 3163 935 3225 ad
958 3162 1083 3226 Fabium
1106 3170 1158 3224 aut

137 3252 176 3314 ari
199 3270 284 3334 anm,
302 3253 361 3332 qui
381 3252 440 3316 nbi
458 3270 581 3333 semper
601 3255 636 3315 in
651 3272 710 3315 ere
727 3261 789 3336 est,
801 3252 958 3334 Catonem,
976 3260 1032 3314 aaut
1055 3252 1092 3313 ad
1110 3251 1157 3314 Pi-

139 3359 244 3406 sonem
263 3341 378 3404 autad
401 3340 549 3406 liannium
572 3343 683 3405 autad
705 3342 891 3405 Vennonirmr
914 3343 1032 3424 uenias,
1056 3359 1156 3422 quem

140 3449 229 3511 quam
248 3449 285 3491 ex
303 3430 351 3492 his
374 3430 450 3492 alius
469 3432 526 3492 alio
543 3431 612 3512 plus
629 3431 719 3493 habet
737 3434 862 3514 uirium,
880 3440 984 3494 tamen
1002 3431 1075 3511 quid
1096 3437 1157 3491 tom

138 3519 215 3580 exile
234 3538 324 3599 quam
342 3522 394 3582 isti
405 3517 538 3582 ramnes?
559 3520 601 3598 es.
619 3523 824 3596 (inminet
835 3529 918 3583 orat.
940 3521 977 3582 Χ
986 3519 1056 3602 2‚7
1078 3517 1154 3590 Quid
1170 3540 1196 3581 aa

138 3615 203 3670 mat
216 3609 370 3692 tutorum,
385 3612 416 3672 ai
433 3627 521 3674 nemo
539 3609 608 3690 plus
623 3610 772 3674 effaoisset
790 3630 825 3672 oo
841 3628 934 3690 quem
954 3604 1157 3690 sequebatur?

960 3715 974 3762 1
982 3707 998 3743 t
