2620 4054
190 239 258 303 274
565 237 827 293 FENESTELLAE

190 389 220 449 id
244 395 291 450 est
315 395 420 467 quarto
444 387 559 448 decimo
582 386 723 447 kalendas
746 387 897 448 lanuarias
921 387 1019 469 luisse,
1039 385 1203 448 Saturnalia

190 477 393 557 erediderunt,
408 494 535 556 qnorum
550 479 729 537 sententiam
742 475 906 537 Fenestella
922 477 1087 555 confirmat,
1103 476 1204 538 dicens

191 565 345 628 Aemiliam
366 567 515 644 uirginem
533 581 580 628 xv
599 564 792 626 kalendarum
810 565 1013 628 ianuariarum
1038 583 1104 626 esse
1126 565 1203 626 dam·

191 663 297 716 natam.
321 673 381 734 quo
405 655 452 716 die
477 657 503 715 si
527 653 694 716 Saturnalia
717 660 903 734 gererentur,
926 672 982 715 nec
1006 671 1126 715 causam
1144 673 1202 716 om·

191 746 261 805 nino
280 743 412 804 dixisset.
436 743 544 804 deinde
563 744 666 805 adicit:
686 742 894 824 Sequebantur
918 761 986 804 eum
1005 742 1084 804 diem
1103 742 1230 804 Satur-e
1294 765 1295 772 ¹

191 833 276 894 nalia.
314 851 381 893 mox
401 835 454 894 ait:
469 831 593 893 Postero
612 840 712 894 autem
731 833 788 912 die,
807 833 859 912 qui
877 832 934 892 luit
948 835 1057 893 tertius
1071 832 1204 894 decimus

190 921 382 983 kalendarum
413 921 629 1003 ianuariarum,
655 921 799 983 Liciniam
832 923 993 1002 uirginem,
1026 929 1060 981 ut
1086 939 1203 982 eausam

189 1010 316 1091 diceret,
345 1013 471 1072 iussam:
504 1029 539 1071 ex
571 1029 629 1090 quo
661 1010 791 1071 ostendit
818 1024 883 1071 xm
913 1008 1108 1071 kalendarum
1137 1029 1204 1089 pro-

191 1100 299 1160 lestum
323 1117 398 1162 esse.
422 1094 477 1181 (es.
492 1101 601 1162 Αεοοιι.
622 1103 654 1160 in
667 1100 773 1161 Milon.
792 1097 812 1175 ἐ
826 1097 870 1159 32
880 1117 912 1176 p.
927 1099 975 1158 40
989 1093 1043 1179 X.)

281 1183 363 1251 l2*.
388 1191 469 1249 Plt'u.
482 1208 511 1250 α.
525 1191 554 1250 lt.
568 1189 726 1248 XXXIII
734 1187 775 1247 21
807 1186 850 1248 Ne
868 1194 940 1249 tuno
960 1187 1081 1268 quidem
1100 1207 1202 1250 omnes
1217 1208 1245 1246 ιο

190 1285 343 1338 senatores
362 1275 494 1338 habuere
515 1276 654 1357 [anulum
673 1276 828 1357 aureum,
847 1284 951 1356 utpote
970 1295 1039 1338 cunr
1062 1279 1205 1339 memoria

189 1384 314 1427 auorum
337 1365 424 1428 multi
446 1375 587 1446 praetura
610 1383 729 1446 quoque
753 1365 848 1427 luncti
870 1368 901 1426 in
921 1367 1019 1427 lerreo
1041 1384 1203 1428 consenue-

190 1457 262 1534 rint,
287 1457 365 1516 sicut
388 1454 580 1535 Calpurnium
604 1461 634 1515 et
657 1453 822 1536 Manilium,
846 1457 897 1534 qui
927 1455 1042 1534 legatus
1065 1454 1096 1517 C.
1120 1455 1205 1517 ilarii
1291 1434 1295 1473 l

190 1544 281 1604 luerit
303 1543 479 1623 iugurthino
503 1542 589 1625 bello,
613 1543 779 1605 Fenestella
802 1544 901 1604 tradit.

126 1631 169 1707 39
281 1627 362 1696 13*.
387 1635 466 1695 Ρίία.
479 1653 508 1694 ιι.
523 1635 550 1694 ίι.
569 1633 650 1693 VIII
659 1632 701 1692 19
718 1632 829 1694 Romae
840 1649 989 1711 pugnasse
1000 1619 1204 1711 [elephantos]
1219 1651 1248 1690 15

128 1719 180 1768 ⁶⁵5
190 1719 356 1783 Fenestella
379 1723 471 1783 tradit
492 1724 622 1801 primum
646 1724 778 1782 omnium
802 1723 832 1781 in
857 1723 937 1782 circo
961 1720 1065 1783 Claudi
1083 1720 1205 1783 Pulchri

189 1809 337 1872 aedilitate
365 1811 464 1872 curuli
486 1809 523 1871 ll.
547 1810 675 1870 Antonio
698 1811 731 1872 A.
754 1809 906 1871 Postumio
935 1829 994 1872 cos.
1019 1827 1096 1871 anno
1120 1810 1205 1873 urbis

188 1911 291 1981 nutv,
309 1903 382 1962 item
400 1907 469 1980 post
487 1917 580 1960 annos
599 1901 707 1978 uiginti
725 1898 918 1960 Lucullorum
937 1900 1086 1961 aedilitate
1106 1899 1205 1960 curuli

188 1988 333 2050 aduersus
357 1997 467 2052 tauros.

280 2073 363 2142 14²⁸.
388 2079 465 2139 Ρίία.
480 2096 509 2138 ιι.
524 2079 553 2138 ίι.
571 2077 668 2137 VIIII
679 2077 742 2136 123
765 2075 875 2138 Rornae
893 2080 925 2138 in
943 2079 1146 2158 promiscuum
1169 2096 1205 2140 ac
1220 2095 1249 2134 νο

189 2166 376 2247 frequentem
394 2184 483 2227 usum
501 2168 621 2226 uenisse
642 2163 796 2244 [uniones]
810 2166 986 2228 Alexandria
1006 2169 1036 2228 in
1056 2166 1205 2232 dicionem

187 2256 319 2336 redacta,
356 2258 485 2337 primum
518 2262 617 2315 autem
650 2256 785 2334 coepisse
813 2259 893 2318 circa
922 2255 1041 2317 Sullana
1069 2263 1205 2334 tempora

186 2347 316 2406 minutas
340 2354 370 2406 et
393 2343 468 2404 uiles
491 2342 657 2404 Fenestella
680 2344 781 2424 tradit,
802 2345 958 2406 manifesto
983 2362 1094 2405 errore.

124 2429 177 2507 ,ΒΞ
279 2436 360 2503 15*.
385 2441 464 2502 Ρίιιί.
482 2442 619 2501 Crass]
645 2436 732 2522 Τάχα
747 2437 774 2502 d’
791 2436 1002 2523 ὑπερβάλλοντι
1019 2436 1203 2522 χρησάμενος

126 2519 176 2567 ⁰⁶⁹
187 2539 228 2614 είς
238 2534 372 2620 Ἰβηρίαν
385 2537 478 2620 ἔφυγε
493 2537 645 2615 [Marium
663 2541 849 2615 coenamque
862 2541 895 2601 L.
911 2537 1052 2617 Crassus]
1072 2533 1204 2621 γεγονὼς
1219 2556 1250 2595 2⁵

188 2633 279 2698 πάλαι
288 2639 517 2716 στρατηγοῦντος
525 2630 694 2717 τοῦπατρὸς
704 2631 813 2698 αὐτόθι
822 2634 872 2697 καί
881 2633 1203 2715 φίλονςπεποιημένος.

186 2728 283 2813 εὐριύν
292 2728 325 2792 δέ
334 2728 596 2813 πάνταςπεριύεεῖς
604 2732 653 2794 καί
662 2728 717 2814 τὴν
725 2728 859 2814 ὠμότητα
868 2728 1053 2812 τὴνΜαρίον
1063 2722 1205 2811 καθάπερ

187 2829 349 2908 ἐφεστῶτος
372 2823 472 2903 αὐτοῖς
494 2828 652 2911 τρέμοντας
675 2824 776 2891 οὐδενί
799 2827 938 2911 γενέσθαι
961 2821 1090 2906 φανερὸς
1113 2823 1204 2910 έθοὶρ-

140 2915 142 2920 ’
185 2943 284 3006 ρησεν,
299 2921 362 2988 ἄλλ’
380 2926 421 3000 εἰς
440 2917 551 3008 ἆγρούς
569 2923 705 3008 ἐμβαλὼν
722 2927 884 3004 παραλίους
901 2918 1027 3014 Οὐιβίου
1042 2927 1202 2989 Πακιανοῦ

184 3018 332 3103 σπήλαιον
354 3022 473 3104 ἔχοντας
496 3020 653 3107 εὐμέγεθες
682 3022 812 3102 ἔκρυψεν
840 3015 956 3084 ἔαυτόν.
993 3016 1068 3101 πρὸς
1091 3021 1124 3084 δέ
1147 3019 1202 3086 τὸν
1217 3041 1248 3081 ao

187 3115 313 3201 Οὐίβιον
336 3119 469 3201 ἔπεμψεν
496 3121 550 3183 ένα
578 3123 688 3184 δοῦλον
715 3113 957 3199 ἀποπειρώμενος
986 3115 1046 3200 ἤδη
1069 3119 1204 3184 καὶτῶν

184 3215 316 3296 ἐφοδίων
340 3215 542 3282 έπιλιπόντιιν.
566 3212 582 3280 ὁ
602 3215 635 3278 δέ
656 3212 779 3298 Οὐίβιος
801 3210 932 3291 ιἰιιούσας
955 3213 1037 3297 ἥσθη
1056 3241 1085 3280 τε
1109 3221 1170 3292 σοιζ
1188 3257 1203 3268 -

183 3311 262 3398 μένῳ
281 3313 330 3376 καὶ
348 3313 521 3395 πυθόμενος
538 3309 571 3376 τὸ
589 3318 706 3394 πλῆθος
723 3317 782 3376 τῶν
800 3308 857 3375 οὐν
875 3309 954 3402 αὐτῷ
972 3315 1022 3377 καὶ
1039 3312 1092 3380 τὸν
1107 3313 1203 3381 τόπον

183 3406 273 3485 αὐτὸς
296 3410 349 3492 μὲν
373 3409 429 3477 οὐκ
450 3403 546 3492 ἦίιθεν
568 3412 609 3486 είς
631 3409 716 3492 ὄψιν,
738 3407 790 3475 τὸν
812 3409 846 3472 δέ
867 3416 926 3474 τῶν
949 3416 1066 3495 χορίων
1086 3414 1203 3496 έπίτρο-

182 3531 241 3572 πον
276 3505 474 3592 προσαγαγὼν
510 3504 597 3593 έμγύς
640 3509 770 3573 έιιέίευσε
810 3505 881 3570 καθ’
920 3505 1033 3592 ἡμέραν
1074 3514 1203 3576 δεῖπνον
1218 3529 1249 3569 ³5

182 3606 383 3687 πεποιημένον
405 3610 534 3688 κομίζειν
555 3609 605 3670 ταί
622 3607 741 3671 τιθέντα
764 3602 844 3688 παρὰ
872 3604 926 3688 τὴν
948 3607 1057 3691 πέτραν
1080 3605 1202 3692 ὐπέρχε-
