2638 4056
183 237 248 304 230
469 237 499 292 Μ
527 237 703 295 uenenum
722 235 907 294 udnnouts

181 390 323 470 superius
351 388 409 448 ieci
437 387 476 465 [c.
496 389 529 462 2,
553 391 658 450 Μήνη.
677 387 722 464 1],
746 395 776 448 et
799 388 873 449 nibil
896 387 966 469 sibi,
990 405 1026 449 ex
1050 407 1109 468 quo
1133 405 1199 468 per·

181 479 282 539 ueniat
313 477 349 537 ad
380 493 428 538 res
457 477 617 556 Romanas,
647 479 788 556 proponit
815 479 966 556 antiquius
994 494 1083 558 quam
1106 478 1200 559 Ogygi

181 567 342 646 diluuium,
371 565 427 627 boc
456 573 502 627 est
525 565 620 646 Ogygi
647 567 758 626 iactum
781 566 975 647 temporibus.
991 589 1033 617 ===
1048 569 1148 630 Sobel.
1168 572 1199 630 in

183 653 495 717 stermonius
532 654 661 735 Ogygos,
691 662 726 715 ut
753 654 846 716 Varro
874 656 961 717 docet
988 658 1018 716 in
1047 655 1133 718 iibris
1162 657 1198 718 de

181 751 268 824 gente
292 743 394 822 populi
417 743 550 825 Romani,
574 759 627 804 rex
649 745 706 805 fuit
729 743 952 826 Thebanorum,
977 743 1035 806 sub
1057 763 1117 825 qrto
1140 749 1226 825 pri-5
1309 773 1310 776 ¹

181 848 262 894 mum
277 832 424 894 diluuium
444 833 554 894 iactum
574 840 633 913 est,
651 832 738 912 longe
761 841 919 914 antequam
942 832 1015 896 illud
1040 835 1119 914 quod
1143 834 1198 896 sub

137 949 140 952 ·
180 917 359 984 Deucalione
383 921 494 983 Iactum
518 937 585 982 esse
608 929 756 982 narratur.

269 1015 304 1082 6.
328 1020 455 1096 August.
475 1023 513 1082 de
531 1023 590 1082 eiu.
610 1022 638 1080 d.
657 1017 746 1081 XXI
758 1020 779 1080 8
806 1019 860 1082 list
889 1023 920 1081 in
943 1019 1036 1082 Marci
1059 1019 1198 1083 Varronis

180 1107 273 1189 libris,
293 1123 421 1188 quorum
440 1111 597 1188 inscriptio
617 1115 663 1169 est
681 1109 718 1170 de
737 1117 826 1188 gente
844 1108 947 1189 populi
965 1109 1099 1190 Romani,
1119 1111 1197 1190 quod

180 1198 292 1258 eisdem
310 1197 421 1278 uerbis,
441 1197 550 1278 quihus
569 1197 612 1258 ibi
634 1197 757 1278 legitur,
781 1205 812 1258 et
834 1197 884 1259 hie
907 1217 1028 1276 ponam:
1051 1198 1085 1260 ln
1108 1199 1240 1281 eaelo,1o
1309 1263 1310 1268 ,

179 1287 290 1366 inquit,
313 1287 448 1348 mirabile
477 1288 575 1348 extitit
597 1293 785 1368 portentum3
812 1305 879 1348 nam
906 1289 938 1348 in
967 1287 1051 1350 steila
1074 1286 1197 1350 Veneris
1309 1315 1310 1322 ¹

179 1373 378 1456 nobilissima,
412 1393 501 1456 quam
537 1374 659 1436 Plautus
696 1373 929 1455 vesperuginem
963 1376 1082 1456 [Ampio.
1101 1377 1197 1457 275y,
1309 1379 1310 1384 ’

182 1463 327 1526 Homerus
348 1463 397 1542 [Il.
411 1463 518 1526 XXII
530 1463 607 1541 318]
628 1461 784 1543 Hesperon
807 1463 942 1546 appellat,
966 1465 1198 1546 pulcherrimam

179 1553 290 1634 dicens,
306 1553 411 1615 Castor
426 1553 531 1614 scribit
545 1559 661 1614 tantum
675 1561 848 1631 portentum
862 1557 1005 1636 extitisse,
1019 1563 1054 1616 ut
1067 1563 1197 1618 mutaret
1309 1597 1310 1632 t

179 1640 318 1724 colorem,
341 1642 585 1722 magnitudinem,
604 1642 737 1724 ssguram,
761 1659 897 1724 eursum3
922 1645 1000 1724 qood
1024 1645 1135 1706 iactum
1156 1647 1197 1706 ita
1213 1665 1238 1706 15
1309 1641 1310 1660 ¹

178 1747 276 1810 neque
295 1739 381 1792 antea
399 1747 497 1812 neque
516 1739 619 1810 postea
638 1731 684 1790 sit:
708 1730 765 1792 hoo
784 1733 896 1794 facturn
910 1733 1010 1813 Ogygo
1030 1751 1103 1812 rege
1118 1734 1196 1795 dice·

178 1819 250 1881 bant
281 1819 422 1882 Adrastos
456 1820 616 1900 Cyzicenos
655 1827 685 1880 et
717 1819 792 1882 bion
824 1821 1052 1904 Neapolitanus,
1085 1822 1196 1884 mathe-

177 1911 279 1970 matici
302 1909 425 1970 nobiles.

268 2001 302 2068 t.
325 2005 438 2068 Arnob.
459 2007 530 2067 ade.
550 2012 612 2067 nat.
639 2005 701 2067 VS
732 2005 825 2069 Varro
849 2008 899 2069 ille
921 2007 1072 2071 Romanus
1096 2009 1195 2071 multi·

177 2095 322 2157 formibus
351 2097 485 2156 eminens
514 2093 679 2174 disciptinis
707 2104 737 2156 et
764 2099 796 2157 in
819 2101 978 2160 uetustatis
1008 2097 1238 2178 indagationem

177 2187 313 2264 rimator,
336 2186 368 2244 in
391 2183 537 2244 librorum
561 2192 703 2264 quattuor
726 2188 832 2267 primo,
856 2205 931 2266 quos
955 2187 991 2249 de
1015 2196 1103 2266 gente
1127 2205 1196 2248 con-

177 2275 305 2352 scriptos
324 2271 449 2332 Romani
467 2272 570 2352 populi
588 2271 756 2355 dereliquit,
775 2277 904 2337 curiosis
924 2274 1195 2355 computationibus
1309 2281 1310 2344 1

177 2361 291 2440 edocet,
310 2360 346 2421 ab
365 2360 472 2422 diluuii
490 2369 633 2440 tempore,
652 2365 738 2424 euius
758 2381 849 2443 supra
868 2365 993 2426 fecimus
1011 2367 1195 2425 mentionem
1309 2421 1310 2454 ,

176 2447 415 2530 [Deoocttoms],
439 2447 475 2510 ad
504 2462 599 2531 usque
622 2451 701 2512 Hirti
724 2453 911 2514 consulatum
946 2461 976 2514 et
1003 2453 1116 2513 Pansae
1144 2471 1194 2513 an·

177 2553 285 2598 norum
309 2552 375 2599 esse
398 2538 479 2600 milia
501 2540 635 2602 nondum
658 2541 726 2601 duo.
1138 2564 1139 2567 ¹
1209 2562 1236 2603 ns

265 2631 326 2698 8¹¹.
346 2637 471 2712 August.
488 2635 802 2700 decretumne
818 2637 894 2697 Sane
908 2637 987 2715 quod
1001 2632 1193 2717 praetereun-

177 2724 248 2785 dum
262 2739 322 2785 non
337 2725 406 2806 fuit,
418 2727 507 2786 etiam
526 2727 604 2805 apud
624 2725 795 2804 sepulcrum
814 2727 933 2804 septimi
952 2729 1000 2787 sui
1020 2729 1099 2806 regis
1114 2727 1194 2788 Thu-

177 2815 250 2874 riaci
265 2815 432 2875 sacrificare
448 2814 604 2894 Sicyonios
619 2815 714 2875 solere
729 2812 821 2873 Varro
836 2815 937 2876 refert.
958 2808 1011 2898 (es.
1024 2816 1081 2877 c.2
1098 2809 1193 2900 extr.)
1309 2805 1310 2886 ᾗ

265 2906 326 2974 9*.
341 2913 466 2988 August.
482 2915 521 2974 de
534 2916 593 2974 otu.
609 2913 636 2973 d.
647 2909 769 2971 XVIII
778 2911 825 2970 Io
843 2909 966 2972 Frustra
980 2915 1081 2993 itaque
1095 2915 1194 2976 uanis·
1309 2893 1310 2950 3

177 3003 250 3062 sima
282 3003 524 3080 praesumptione
561 3001 698 3079 garriunt
726 2999 845 3079 quidam
878 3001 1027 3082 dicentes,
1061 3019 1097 3064 es
1135 3021 1193 3084 quo
1209 3025 1237 3065 so
1309 3057 1310 3062 ,

176 3089 326 3169 Aegyptus
355 3091 501 3150 rationem
528 3088 660 3148 siderum
690 3087 920 3170 conprehendit,
948 3091 1075 3171 amplius
1106 3111 1194 3172 quam
1309 3095 1310 3118 ¹

176 3185 297 3239 centum
325 3193 470 3239 annornm
497 3176 578 3236 milia
606 3179 765 3238 numerari.
802 3180 833 3239 in
862 3179 972 3258 quibus
1001 3183 1080 3241 enim
1109 3181 1194 3244 libris

176 3269 268 3329 istum
287 3282 444 3328 numerum
464 3264 658 3346 collegerunt,
674 3267 799 3345 quinon
818 3266 944 3329 muitum
960 3277 1028 3330 ante
1047 3287 1193 3332 annorum

176 3355 234 3417 duo
263 3353 343 3417 milia
371 3355 486 3416 litteras
513 3356 654 3434 magistra
682 3354 760 3417 Iside
788 3354 981 3419 didicerunt?
1016 3357 1081 3418 Non
1113 3361 1193 3420 enim

175 3461 288 3524 paruus
307 3452 411 3506 auctor
430 3452 476 3504 esi
493 3445 525 3504 in
543 3443 668 3505 historia
687 3444 788 3526 Varro,
808 3447 860 3524 qui
878 3445 934 3506 hoe
953 3447 1093 3527 prodidit,
1113 3447 1192 3528 quod
1208 3467 1238 3510 ss
1309 3507 1310 3510 ,

175 3552 192 3594 a
219 3533 386 3596 litterarum
416 3533 504 3593 etiam
533 3533 703 3594 diuinarum
730 3536 857 3595 ueritate
885 3553 945 3596 non
973 3536 1114 3598 dissonat.
1151 3536 1191 3613 cf.
1309 3519 1310 3548 ¹

175 3623 211 3682 X
215 3622 332 3683 VIII3
368 3619 442 3681 Nam
471 3629 501 3681 et
523 3621 554 3680 Io
582 3621 641 3682 filia
665 3622 765 3684 Inachi
788 3623 881 3684 fuisse
904 3624 1093 3705 perhibetur,
1117 3642 1193 3704 quae
