2620 4054
179 211 245 276 334
555 209 661 265 manu
679 208 818 264 MAXIMI

268 354 303 423 8.
330 373 380 422 ex
398 374 484 421 vrrs
505 372 682 420 numeram
709 359 812 435 Spart.
830 358 896 419 Hel.
913 358 981 432 5,4
1013 357 1088 420 Nam
1106 365 1196 422 tetra·

178 449 353 528 isrmaeum,
386 467 440 510 seu
467 450 568 527 potius
596 447 861 528 pentaiarmaeum,
901 465 962 526 quo
988 455 1093 527 postea
1120 465 1196 510 sem-

178 555 232 616 per
254 536 423 598 Hadrianus
446 546 493 599 est
515 555 603 618 usus,
630 539 694 617 ipse
717 533 851 614 [Helius]
875 535 987 598 dieitur
1016 539 1196 616 repperisse,

177 626 235 688 hoe
258 634 305 688 est
327 645 442 707 sumen,
461 627 615 707 fasianum,
634 641 789 705 parronam,
807 642 933 704 pernam
950 624 1146 688 crustulatam
1163 635 1195 686 et

178 733 330 795 aprunam.
375 716 413 776 de
437 733 496 794 quo
519 733 629 794 genere
657 713 717 776 eibi
744 713 831 774 aliter
854 713 947 776 refert
969 713 1082 776 diarius
1104 714 1222 776 Masi-⁵

177 821 253 885 mus,
267 822 326 866 non
340 805 592 884 pentaiumaeum
612 803 664 864 sed
679 801 919 866 tetraiarmaeum
938 803 1099 885 appetisse,
1117 812 1151 866 ut
1165 813 1196 866 et

177 911 231 953 nos
254 895 312 973 ipsi
335 896 367 955 in
385 896 452 955 eius
475 896 537 954 uita
556 894 708 971 persecuti
725 910 839 953 sumus.
864 884 1195 975 (r'.e.IIadr.e.21,d

178 981 259 1042 inter
282 982 367 1044 eibos
390 1001 470 1045 nune
494 984 604 1042 amauit
626 981 876 1061 tematarmsesm
901 981 982 1061 quod
1005 989 1069 1044 erat
1092 982 1130 1044 da
1153 982 1195 1044 is·

177 1073 270 1152 sisno,
293 1073 423 1152 sumine,
445 1087 538 1151 perna
561 1077 592 1130 et
615 1065 773 1153 crustulo.)
792 1097 835 1122 ==
853 1071 977 1148 Lampr.
995 1072 1082 1134 Alex.
1100 1071 1156 1147 30,
1172 1071 1195 1131 6

176 1159 312 1239 Vsusque
345 1168 392 1222 ast
420 1159 567 1238 [Sauras
590 1157 782 1238 Alexander]
811 1158 953 1222 Hadriani
985 1160 1193 1222 tetrasarmaeo
1207 1170 1236 1211 1⁰
1297 1169 1298 1220 t

176 1249 359 1329 frequenter,
382 1249 419 1310 de
438 1267 497 1328 quo
519 1249 551 1308 in
570 1246 655 1309 libris
674 1249 737 1310 suis
756 1247 868 1311 Marius
886 1248 1032 1310 Maximus
1050 1247 1192 1330 loquium,
1294 1239 1298 1364 4

176 1356 246 1399 oum
268 1338 410 1400 Hadriani
433 1337 554 1398 disserit
576 1337 678 1398 uitam.

266 1431 325 1496 9³⁸.
348 1450 395 1496 nx
413 1447 497 1496 vrrs
516 1446 689 1495 surounu
709 1449 761 1497 1211
787 1437 883 1514 dapis
897 1437 1005 1498 Aaron.
1021 1436 1096 1496 Pius
1110 1435 1193 1516 11,3

177 1524 335 1585 Orationes
357 1523 493 1602 plerique
520 1523 631 1584 alienas
660 1522 815 1607 dixerrmt,
843 1543 918 1605 quae
946 1524 1003 1586 sub
1027 1526 1093 1585 eius
1116 1523 1190 1600 [An-

176 1617 274 1675 tonini
300 1611 365 1689 Pii]
393 1613 513 1672 nomine
541 1612 692 1694 tammum,
720 1612 833 1676 Marius
855 1613 1000 1674 Maximus
1030 1614 1095 1672 eius
1122 1629 1190 1690 pro·
1206 1631 1234 1672 ss

175 1703 256 1780 prias
279 1701 373 1762 fnisse
396 1700 478 1762 dieit.

202 1791 203 1796 ’
267 1791 348 1860 10*.
368 1813 415 1859 nx
433 1812 517 1860 vrrs
535 1814 570 1860 m
585 1814 761 1863 surourur
779 1811 993 1861 Pnrnosoeru
1019 1799 1115 1876 Caper.
1130 1801 1190 1860 Aa·

176 1895 235 1948 ton.
251 1890 325 1964 phil.
340 1888 406 1969 1,6
428 1887 520 1950 Cuius
535 1887 669 1967 [Marad]
684 1890 794 1951 familia
816 1891 847 1949 in
867 1889 1010 1964 originem
1028 1904 1192 1949 recurrens

176 1994 191 2035 a
215 1975 309 2037 Numa
333 1976 478 2056 probatur
500 1980 674 2058 sanguinem
697 1979 830 2056 trahere,
854 1983 887 2037 ut
909 1973 1021 2036 Marius
1043 1974 1190 2038 Maximus

176 2064 272 2127 docet.
295 2061 350 2145 (ef.
365 2067 491 2143 Eunop.
513 2067 595 2128 VIII
605 2063 650 2149 9.)
1203 2093 1232 2133 so

80 2224 83 2233 ,
114 2179 165 2228 ma
267 2157 324 2224 ll.
348 2175 396 2223 ux
419 2176 527 2226 nunno
550 2179 578 2226 11
601 2178 709 2227 vrrsn
732 2177 767 2224 n.
791 2174 961 2224 susourrn
1005 2162 1090 2224 Vota.
1112 2163 1189 2225 dett

112 2250 265 2317 msera.
286 2252 354 2326 6,7
390 2250 464 2312 Nam
491 2261 522 2316 et
549 2268 618 2316 erim
645 2251 778 2314 Buoodei
806 2250 915 2312 milites
941 2268 997 2330 per
1023 2252 1189 2332 Aegyptum

175 2341 277 2418 grauia
300 2339 392 2401 muita
416 2342 561 2425 facerent,
588 2341 626 2404 sb
652 2341 709 2401 hoo
733 2337 871 2418 [Auidio]
900 2343 1017 2401 retunsi
1044 2348 1128 2421 sunt,
1155 2348 1190 2402 ut

174 2428 255 2488 idem
276 2427 388 2489 Marius
410 2427 556 2492 Maximus
578 2431 671 2491 refert
692 2430 724 2488 in
747 2445 783 2488 eo
806 2426 891 2510 iibm,
910 2447 1000 2509 quem
1023 2430 1189 2491 seeundum

175 2516 212 2576 de
231 2519 293 2577 uita
306 2515 399 2579 idarei
412 2519 554 2581 Antonini
572 2518 672 2579 edidit.
689 2512 743 2597 (cf.
756 2517 866 2579 Aaron.
880 2520 955 2595 phil.
969 2517 1019 2595 21,
1032 2518 1054 2578 2
1067 2517 1106 2580 lit
1120 2537 1189 2580 eum
1202 2535 1230 2575 ss
1297 2565 1298 2590 ,

110 2684 117 2692 ι
174 2623 229 2685 per
251 2606 418 2686 Aegyptum
435 2608 569 2670 Bucolici
586 2605 696 2666 milites
719 2608 822 2684 grauia
846 2605 938 2668 mrdta
960 2607 1112 2689 iecissent,
1134 2625 1188 2687 per

174 2695 313 2757 Auidium
336 2695 472 2759 Cassium
495 2696 611 2757 retunsi
632 2687 729 2778 sunt.)

112 2798 163 2848 ru
265 2778 319 2847 12.
343 2801 390 2848 nx
412 2798 517 2848 nmmo
536 2798 563 2844 11
585 2796 692 2844 vlusn
714 2798 943 2847 n.suuou1u1
973 2785 1088 2847 Valeat.
1111 2786 1187 2846 Gall.

110 2869 262 2938 trs—sdaid.
283 2875 312 2950 9,
331 2877 353 2936 5
387 2875 419 2936 Si
437 2875 504 2952 quis
527 2879 627 2934 autem
650 2891 769 2934 omnem
790 2873 868 2936 hane
890 2874 1045 2938 historiam
1068 2871 1190 2950 [Auidii

177 2963 276 3026 Cassii
291 2959 477 3038 rebellionis]
492 2963 569 3022 seire
587 2960 746 3043 desiderat,
764 2962 843 3042 legat
856 2955 1065 3028 nari'uanmr
1082 2979 1187 3024 seeun·
1200 2980 1228 3021 so

173 3052 245 3114 dum
267 3052 377 3114 librum
396 3051 434 3110 de
453 3051 514 3111 uita
532 3049 633 3130 Marsi,
656 3052 688 3112 iu
706 3071 767 3132 quo
785 3051 835 3114 iiie
853 3071 888 3113 ea
905 3052 978 3113 dioit
992 3069 1068 3130 quae
1091 3051 1187 3112 solum

172 3140 290 3204 Marsus
313 3148 432 3202 mortuo
454 3140 513 3200 iam
536 3137 612 3201 Vero
636 3141 705 3219 egit
750 3149 824 3202 tune
847 3143 926 3202 euim
950 3140 1070 3203 Cassius
1092 3137 1186 3200 rebel-

172 3230 254 3312 lauit,
264 3239 297 3293 ut
306 3227 414 3307 prohat
423 3228 549 3308 epistula
559 3230 650 3290 missa
668 3230 703 3291 ad
714 3229 894 3310 Faustinam,
909 3230 995 3290 euius
1013 3228 1071 3290 hoe
1089 3245 1186 3288 exem·

172 3319 253 3400 plum
268 3327 327 3380 est:
336 3316 460 3379 -Idine
474 3324 572 3380 autem
587 3324 710 3397 apparet
723 3317 894 3380 Faustinam
907 3319 964 3380 ista
979 3315 1187 3395 [rebellionem
1297 3361 1298 3388 ,

171 3405 292 3484 Auidr'a']
315 3408 458 3487 neseisse,
481 3425 550 3469 oum
568 3408 648 3468 dicat
666 3406 787 3487 Marius,
809 3407 946 3468 infamari
964 3424 1029 3466 eam
1052 3407 1186 3484 cupiens,
1197 3423 1226 3464 ss

172 3496 250 3576 quod
280 3513 315 3556 ea
337 3497 457 3558 conseia
481 3495 601 3558 Cassius
628 3496 788 3574 imperium
816 3496 1001 3573 sumpsisset
1036 3487 1091 3576 (cs.
1118 3493 1185 3568 7,1

171 3584 228 3645 Hie
246 3585 457 3663 imperatorem
472 3603 505 3646 se
522 3587 554 3645 in
572 3586 687 3645 oriente
702 3584 873 3665 appellauit,
885 3591 920 3646 ut
934 3582 1054 3665 quidam
1073 3581 1185 3663 dieunt,
1297 3625 1298 3658 ,

1292 3675 1298 3940 t
