2670 4058
184 231 228 297 88
586 229 614 285 c.
634 229 796 286 nannius

280 375 424 442 ascen.
439 336 605 440 Veronae.
619 379 849 454 ceruleum
863 380 1078 459 rorpnarr.
1094 382 1220 446 crau
1299 403 1300 440 1

187 471 256 530 nius
280 471 311 530 in
325 466 390 528 Vlll
404 466 502 529 annali
515 466 685 547 Drepanum
698 467 801 547 modo,
816 467 904 528 modo
918 467 1057 548 Drepana
1072 472 1220 552 appellat.

347 618 591 676 monerentur
608 617 800 674 umnouvm
818 618 1051 677 FRAGMENTA

126 733 178 783 146
278 727 313 796 4.
338 735 416 795 Prot.
439 734 501 795 Tic.
519 733 691 796 Graccb.4
715 726 748 794 Ὁ
771 722 800 793 d’
826 722 883 796 οὖν
906 729 1049 816 νεώτερος
1075 736 1221 820 Τιβέριος

125 823 178 873 ⁶⁰⁸
188 826 416 910 στρατευόμενος
434 829 468 893 ἐν
486 825 591 914 Λιβύη
609 823 680 909 μετὰ
697 832 749 891 τοῦ
769 826 907 909 δεντέρον
926 834 1111 912 Σκηπίωνος
1128 835 1219 918 Ιἕχον-

187 951 237 1001 τος
265 921 357 991 αὐτοῦ
384 921 439 1007 τὴν
466 921 600 1006 ἀδελφὴν
627 920 703 1005 ὁμοῦ
731 921 980 1007 συνδιαιτώμενος
1009 924 1069 993 ὑπὸ
1088 929 1250 1014 ’σκηνὴνε

188 1030 228 1110 τῷ
256 1029 404 1108 στρατηγῷ
431 1019 504 1106 rapt
531 1021 586 1106 μὲν
615 1018 707 1086 αὐτοῦ
734 1017 792 1118 τηρ
817 1018 911 1102 φύσιν
937 1025 1090 1106 κατέμαθε
1118 1027 1220 1094 πολλὰ

188 1122 240 1186 καὶ
263 1117 374 1204 μεγάλα
396 1117 472 1203 πρὸς
490 1122 579 1200 ζῆλον
596 1115 701 1201 ιἰρετῆς
719 1118 769 1180 καί
787 1121 910 1200 μίμησιν
928 1120 1056 1186 ἐπὶτῶν
1073 1120 1221 1207 πράξεων

188 1219 390 1301 ἐκφίρονσαν,
413 1214 486 1300 ταχὺ
514 1215 547 1280 dt
574 1221 634 1278 τῶν
660 1214 738 1278 νίοιν
760 1212 881 1280 ιτοίν-τιον
904 1217 1072 1301 ἐιτριίτενεν
1094 1219 1221 1310 εὐταξίᾳ

188 1316 239 1380 καί
261 1312 397 1402 ἀνδρείᾳ·
426 1315 476 1379 καὶ
498 1319 551 1378 τοῦ
573 1337 606 1396 γε
628 1313 741 1394 τείχους
763 1311 854 1394 ἐιτέβη
877 1322 938 1378 τῶν
959 1321 1112 1398 πολεμίων
1135 1329 1220 1403 πρῶ-

188 1439 247 1495 τος,
272 1412 312 1490 ὥς
330 1433 405 1495 φησι
425 1409 566 1491 Φάννιος,
589 1410 682 1494 λέγων
704 1409 755 1472 καὶ
767 1405 862 1499 Ιαὐτὸς
883 1417 924 1498 τῷ
944 1417 1071 1502 Τιβερίῳ
1092 1436 1218 1484 amm.
1235 1447 1265 1486 10
1315 1369 1317 1450 l

189 1515 280 1594 βῆναι
302 1511 353 1574 καί
375 1515 585 1593 συμμετασχεῖν
607 1507 722 1586 ἐκείνης
744 1511 798 1588 τῆς
819 1503 974 1589 ἀριστείας.

127 1623 179 1672 1³³
265 1610 315 1678 ’5.
343 1617 439 1677 Cicer.
460 1615 545 1675 Brut.
560 1613 610 1695 21,
627 1613 668 1674 81
694 1613 726 1684 Q.
746 1613 891 1696 Metellus,
914 1619 940 1678 is
960 1619 1049 1681 cuius
1069 1631 1219 1701 quattuor

126 1694 244 1766 c‘aiffln
268 1703 440 1770 consulares
459 1703 590 1783 ruerunt
613 1703 761 1781 imprimis
780 1712 826 1764 est
843 1703 965 1767 habitus
985 1706 1142 1793 eloquens
1162 1719 1219 1794 qui

188 1813 244 1876 pro
267 1790 300 1855 L.
325 1793 409 1854 Cotta
433 1791 508 1853 dixit
530 1799 688 1854 accusante
706 1791 854 1873 Africano,
878 1796 964 1858 cuius
988 1805 1019 1858 et
1042 1798 1117 1861 aliae
1142 1813 1219 1865 sunt
1320 1796 1321 1802 '

190 1885 340 1945 orationes
364 1889 395 1942 et
413 1889 517 1943 contra
535 1879 578 1941 Ti.
598 1879 764 1942 Gracchum
789 1885 922 1962 exposita
946 1892 993 1946 est
1011 1887 1043 1948 iu
1058 1886 1090 1949 C.
1106 1888 1218 1954 Fannii
1233 1913 1264 1955 ιτ
1321 1902 1322 1928 ¹

190 1971 355 2034 annalibus,

280 2075 317 2144 6.
344 2079 440 2142 decer.
459 2077 543 2139 lbec.
559 2077 695 2154 111117,
710 2077 756 2138 to
779 2076 875 2156 Aegre
889 2077 995 2144 tulisse
1008 2080 1042 2142 P.
1057 2081 1217 2164 Rupilium

190 2169 292 2232 fratris
319 2166 470 2248 repulsam
498 2165 670 2228 consulatus
698 2167 845 2244 scriptum
872 2167 951 2246 apud
979 2167 1128 2234 Fannium
1155 2184 1217 2256 est,

191 2257 243 2320 sed
266 2265 366 2322 mutan
388 2256 532 2318 transisse
556 2254 676 2316 uidetur
699 2254 834 2336 modum,
857 2256 968 2335 quippe
997 2261 1051 2338 qui
1078 2261 1118 2322 oh
1147 2282 1216 2326 eam

190 2364 326 2411 caussam
348 2363 366 2410 a
388 2346 450 2406 uita
473 2345 640 2406 recesserit
1232 2377 1264 2417 20

282 2448 315 2514 7.
343 2453 403 2514 Cic.
423 2452 513 2513 acad.
527 2453 627 2527 prior.
643 2450 682 2510 II
696 2450 727 2530 5,
745 2449 786 2510 15
811 2449 958 2512 Socrates
987 2461 1088 2516 autem
1118 2457 1157 2519 de
1180 2479 1216 2522 se

190 2546 255 2622 ipse
287 2539 447 2602 detrahens
479 2541 510 2600 in
542 2538 743 2618 disputatione
770 2537 838 2618 plus
871 2538 1025 2604 tribuebat
1051 2545 1104 2626 iis,
1136 2565 1216 2626 quos

190 2630 310 2692 uolebat
341 2629 486 2690 refellere.
529 2629 570 2688 ita
597 2645 666 2689 cum
698 2627 777 2688 aliud
811 2627 925 2689 diceret
957 2637 1048 2710 atque
1077 2637 1217 2720 sentiret,

191 2719 319 2782 libenter
333 2721 378 2780 uti
393 2717 499 2779 solitus
518 2724 564 2778 est
583 2733 617 2777 ea
636 2715 881 2796 dissimulatione,
901 2735 990 2798 quam
1005 2719 1113 2783 Graeci
1132 2725 1216 2805 εἰρω-

190 2811 275 2871 νείαν
297 2815 414 2870 uocant.
445 2823 535 2885 mam
558 2806 600 2866 ait
622 2807 711 2868 etiam
732 2807 765 2866 in
788 2804 927 2867 Africano
951 2806 1045 2870 luisse
1068 2810 1215 2895 Fannius,
1230 2837 1263 2878 aa

192 2899 282 2977 idque
300 2903 460 2977 propterea
477 2897 620 2956 uitiosum
638 2896 670 2955 iu
688 2893 739 2956 illo
757 2911 818 2955 non
836 2895 1010 2979 putandum,
1029 2899 1110 2977 quod
1133 2902 1217 2966 idem

191 2988 282 3048 luerit
304 2988 336 3048 in
360 2984 492 3046 Socrate.
507 3011 550 3034 =
569 2984 629 3045 Cic.
648 2986 687 3045 de
704 2990 782 3045 orat
798 2983 838 3042 II
853 2983 907 3060 67,
925 2984 998 3045 270
1023 2984 1059 3047 lu
1082 2988 1140 3050 boc
1165 3011 1217 3072 ge·

191 3094 263 3138 nere
286 3073 443 3152 [urbanae
465 3074 726 3145 dessimulctionis]
751 3071 883 3134 Fannius
910 3073 942 3132 in
965 3075 1124 3140 annalibus
1150 3085 1217 3145 suis

192 3164 364 3226 Africanum
388 3162 469 3224 huuc
492 3161 689 3224 Aemilianum
712 3164 837 3222 multum
865 3160 939 3222 dicit
965 3162 1060 3226 tuisse
1087 3175 1121 3229 et
1143 3187 1217 3234 eum

192 3253 306 3314 Graeco
326 3250 419 3313 uerbo
439 3251 567 3331 appellat
589 3251 697 3330 εἴρωνα
720 3249 781 3331 sed,
804 3251 850 3312 uti
872 3249 1004 3332 luerunt,
1028 3256 1082 3332 qui
1104 3259 1217 3322 melius
1231 3281 1265 3324 eo

189 3341 264 3404 baec
278 3347 399 3421 norunt,
413 3340 565 3402 Socratem
580 3340 686 3418 opinor
699 3340 731 3400 in
749 3337 805 3399 hac
818 3340 915 3399 ironia
934 3338 1216 3428 dissimulantiaque

194 3429 281 3509 longe
312 3428 413 3509 lepore
441 3437 472 3490 ot
502 3428 686 3489 humanitate
719 3425 856 3488 omnibus
888 3431 1083 3506 praestitisse.
1126 3436 1218 3503 Brut.

191 3519 246 3596 87,
265 3517 332 3580 299
369 3517 467 3590 Quare
490 3517 599 3598 εἴρωνα
626 3535 688 3597 me,
710 3535 749 3578 ne
773 3517 799 3578 si
821 3516 979 3580 Africanus
1002 3521 1125 3598 quidem
1149 3525 1218 3607 tuit,

193 3616 227 3668 ut
250 3609 291 3670 ait
315 3609 347 3669 in
369 3606 493 3668 historia
516 3623 571 3669 sua
594 3605 625 3668 C.
648 3607 789 3688 Fannius,
812 3607 976 3668 existimari
998 3608 1100 3672 uelim.
