2620 4054
182 215 248 281 336
406 215 409 222 '
558 214 665 270 Manu
682 213 821 268 Mamur

182 365 302 445 occidit,
324 383 402 426 unco
426 362 570 425 trahatur.
617 365 670 444 qui
692 365 867 425 innocentes
890 363 1014 446 occidit,
1038 381 1116 425 unco
1139 369 1201 425 tra-

182 454 285 518 hatur:
307 453 403 514 hostis
425 451 583 534 parricida,
605 469 678 514 uere
702 469 782 515 uere.
825 455 878 534 qui
900 455 1038 532 sanguini
1060 471 1115 514 suo
1138 470 1202 514 non

182 545 326 624 pepercit,
349 561 428 604 unco
452 541 596 603 trabatur.
642 542 747 622 quite
770 544 926 604 occisurus
950 543 1015 624 fuit,
1038 557 1116 605 unco
1139 549 1201 602 tra-

182 631 280 694 batur.
326 630 484 693 nobiscum
511 632 650 711 timuisti,
679 630 836 692 nobiscum
862 631 1049 712 periclitatus
1079 649 1119 692 es.
1165 637 1201 691 ut

183 720 260 782 salui
278 723 381 802 simus,
403 721 538 800 luppiter
561 721 672 799 optime
690 721 826 801 maxime,
849 738 938 782 serua
961 719 1049 782 nobis
1065 719 1228 783 Per-tinas
1295 777 1296 782 ,

183 827 257 872 cem.
293 809 378 872 fidei
395 810 653 889 praetorianorum
671 808 806 870 feliciter.
842 811 1002 888 praetoriis
1024 807 1202 871 cohortibus
1295 813 1296 816 ’

183 898 318 960 feliciter.
364 897 548 960 exercitibus
578 897 719 959 Romanis
751 897 887 960 feliciter.
941 900 1046 978 pietati
1077 904 1202 958 senatus

184 987 318 1049 feliciter.
346 986 498 1049 Parricida
521 986 666 1048 trabatur.
703 1005 855 1067 rogamus,
878 989 1025 1068 auguste,
1050 985 1200 1066 parricida
1248 1058 1251 1063 ,

126 1157 128 1160 ¹
183 1075 326 1138 trahatur.
363 1077 420 1138 hoc
439 1093 587 1156 rogamus,
604 1075 754 1154 parricida
776 1075 920 1140 trahatur.
956 1077 1065 1140 exaudi
1083 1075 1199 1156 Caesar,

183 1163 330 1226 delatores
354 1165 390 1226 ad
409 1165 534 1226 leonem
571 1166 679 1226 exaudi
697 1165 813 1245 Caesar,
833 1165 992 1246 Speratum
1013 1165 1051 1227 ad
1073 1164 1199 1228 leonem.
1214 1186 1242 1226 ro

183 1252 330 1317 Victoriae
353 1254 457 1334 populi
479 1252 604 1314 Romani
627 1253 763 1316 feliciter.
809 1255 879 1315 fidei
909 1255 1035 1319 militum
1063 1253 1199 1316 feliciter.
1293 1199 1296 1304 l

183 1342 255 1404 fidei
267 1345 525 1422 praetorianorum
540 1341 675 1406 feliciter.
703 1342 877 1405 cohortibus
890 1345 1049 1422 praetoriis
1062 1342 1200 1406 feliciter.

184 1429 287 1494 Hostis
310 1439 423 1494 statuas
446 1430 588 1512 undique,
610 1431 776 1511 parricidae
796 1439 908 1494 statuas
927 1433 1069 1513 undique,
1091 1429 1201 1510 gladia·
1295 1501 1296 1504 Ἴ

183 1522 259 1581 toris
278 1528 391 1582 statuas
410 1520 550 1600 undique.
591 1520 762 1599 gladiatoris
780 1528 811 1583 et
831 1521 997 1601 parricidae
1015 1527 1130 1582 statuae
1149 1519 1200 1579 de-
1295 1567 1296 1630 1

184 1609 349 1671 trahantur.
390 1617 513 1671 necator
535 1611 648 1672 ciuium
670 1610 815 1691 trahatur,
838 1608 985 1688 parricida
1003 1610 1117 1672 ciuium
1138 1613 1199 1668 tra·
1216 1629 1243 1670 os
1295 1645 1296 1660 .

183 1695 281 1760 hatur.
326 1697 497 1777 gladiatoris
520 1705 635 1760 statuae
658 1699 859 1760 detrahantur.
892 1697 935 1758 'fe
963 1696 1047 1759 saluo
1070 1696 1147 1758 salui
1168 1702 1201 1758 et

184 1787 421 1866 securisumus,
444 1805 525 1861 uere,
548 1806 630 1868 uere,
658 1789 747 1849 modo
770 1805 852 1868 uere,
879 1785 967 1849 modo
990 1786 1088 1868 digne,
1111 1784 1201 1846 modo
1295 1853 1296 1856 ¹

185 1891 266 1955 uere,
289 1875 376 1936 modo
400 1875 503 1938 libere.
552 1835 638 1938 Nunb
662 1879 762 1939 securi
789 1891 906 1938 sumus·
934 1875 1117 1939 delatoribus
1139 1892 1200 1936 me·
1295 1879 1296 1946 l

183 1972 258 2025 tum.
299 1971 333 2025 ut
352 1963 457 2027 securi
471 1967 573 2046 simus,
593 1965 775 2028 delatoribus
793 1973 916 2044 metum.
952 1972 987 2028 ut
1004 1964 1120 2028 salui
1096 1983 1199 2044 simus,

184 2051 332 2116 delatores
350 2055 388 2115 dc
407 2061 521 2135 senatu,
542 2053 725 2117 delatoribus
743 2055 861 2116 fustem.
888 2053 931 2115 'fe
950 2053 1032 2116 saluo
1051 2053 1200 2116 delatores
1214 2073 1242 2113 eo

184 2140 221 2201 ad
244 2141 369 2205 leonem.
410 2151 441 2204 te
463 2145 628 2223 imperante
656 2143 838 2204 delatoribus
867 2143 986 2204 fustem.
1028 2142 1200 2204 Parricidae

184 2228 355 2307 gladiatoris
373 2234 515 2293 memoria
534 2231 697 2312 aboleatur,
715 2231 881 2310 parricidae
898 2230 1069 2308 gladiatoris
1083 2237 1199 2292 statuae

184 2318 386 2382 detrahantur.
426 2322 528 2400 inpuri
545 2320 716 2399 gladiatoris
735 2321 877 2380 memoria
896 2317 1056 2378 aboleatur.
1091 2317 1199 2398 gladia·
1295 2321 1296 2356 ³

184 2413 280 2472 torem
303 2408 335 2467 in
359 2408 507 2488 spoliario.
544 2408 659 2470 Exaudi
687 2408 807 2468 Caesar:
840 2407 971 2467 carnifex
999 2424 1077 2468 unco
1101 2406 1199 2468 traba-

185 2502 242 2555 tur.
285 2498 417 2558 carnifex
441 2505 561 2563 senatus
580 2515 662 2558 more
681 2497 827 2556 maiorum
850 2513 928 2555 unco
951 2494 1095 2558 trabatur.
1129 2495 1197 2558 Sae·
1212 2513 1240 2555 rs
1295 2493 1296 2506 ¹

184 2585 252 2647 uior
274 2583 451 2667 Domitiano,
478 2587 624 2666 impurior
646 2583 773 2644 Nerone.
819 2585 863 2644 sic
886 2584 966 2665 fecit,
989 2585 1033 2646 sic
1060 2586 1198 2664 patiatur.

184 2670 344 2734 Memoriae
368 2676 572 2736 innocentium
592 2679 761 2751 seruentur,
779 2671 909 2733 honoras
926 2675 1129 2734 innocentium
1152 2675 1198 2732 ress

185 2763 300 2844 stilum,
323 2781 471 2842 rogamus.
512 2761 681 2822 Parricidae
710 2760 837 2822 cadauer
865 2780 942 2824 unco
971 2762 1113 2837 trahatur,
1137 2759 1197 2840 gla-

185 2849 307 2912 diatoris
331 2851 458 2912 cadauer
476 2868 553 2912 unco
577 2849 722 2930 trahatur,
746 2849 917 2928 gladiatoris
935 2851 1063 2912 cadauer
1084 2850 1116 2911 in
1131 2866 1196 2928 spo-

154 2989 158 2994 .
184 2938 268 3000 liario
296 2947 433 3018 ponatur.
474 2937 617 3021 Perroga,
640 2955 781 3020 perroga,
809 2958 911 3001 omnes
940 2957 1096 3001 censemus
1119 2956 1197 3001 unco
1212 2956 1240 2996 ao

185 3027 371 3094 trahendum.
414 3029 467 3106 qui
486 3045 590 3088 omnes
617 3027 740 3109 occidit·
763 3046 840 3090 unco
870 3029 1011 3092 trahatur.
1067 3029 1118 3108 qui
1137 3045 1198 3087 om-

185 3135 254 3178 nem
295 3124 423 3180 acmtem
459 3117 580 3198 occidit,
621 3135 699 3179 unco
716 3164 722 3176 .
740 3117 883 3180 trabatur.
943 3119 995 3198 qui
1035 3124 1198 3196 utrumque

115 3230 122 3236 ·
185 3223 289 3268 sexum
321 3206 443 3290 occidit,
478 3224 555 3267 unco
592 3206 735 3267 trabatur.
786 3208 838 3284 qui
869 3207 1013 3285 'sanguini
1047 3223 1102 3268 suo
1139 3223 1199 3265 non
1295 3211 1296 3272 l

184 3296 333 3375 pepercit,
346 3314 434 3378 unco
458 3295 602 3360 trabatur.
647 3297 700 3374 qui
723 3294 831 3376 templa
855 3294 1007 3375 spoliauit,
1035 3311 1112 3358 unco
1140 3302 1200 3356 tra·

184 3381 281 3442 hatur.
328 3386 381 3462 qui
399 3391 575 3446 testamenta
598 3383 722 3463 deleuit,
745 3401 823 3444 unco
846 3383 989 3444 trabatur.
1036 3383 1089 3463 qui
1110 3384 1199 3443 uiuos
1213 3399 1239 3440 ss

186 3469 336 3552 spoliauit,
369 3490 447 3534 unco
478 3472 622 3535 trahatur.
668 3475 764 3534 seruis
801 3474 969 3534 seruiimus.
1016 3473 1069 3552 qui
1103 3472 1202 3552 pretia

185 3559 265 3622 uitae
294 3561 403 3641 exegit,
435 3580 512 3624 unco
540 3562 683 3624 trabatur.
730 3561 783 3641 qui
809 3561 905 3639 pretia
937 3562 1016 3622 uitae
1044 3561 1142 3639 exegit
1170 3567 1199 3622 et
