2670 4058
266 246 365 303 Tusa.
385 245 432 302 ΕΤ
449 244 585 303 rutum.
621 245 704 304 LVT.
723 244 924 303 DAPHNIDIS
944 245 1044 304 TES'I'.
1060 253 1083 302 1.
1118 245 1183 312 125

165 389 283 478 άγώνος
306 389 322 458 ὁ
346 389 462 469 Κάτλος
485 391 561 475 μηδὲ
582 395 748 476 προσμίξειε
769 403 832 472 τοῖς
854 398 1018 478 πολεμίοις,
1040 393 1184 478 κάλπωμα

166 496 227 556 τών
249 491 362 574 μίσων,
386 489 483 575 ὥσπερ
505 494 614 556 εἴωθεν
632 492 666 555 ἒν
684 488 820 576 μεγάλοις
839 490 997 574 μετώποις,
1015 490 1182 576 λαμβανόν-

165 617 240 671 των,
260 586 338 655 οδτω
357 592 512 673 διαστῆσαι
528 587 581 667 τδις
599 588 755 672 δυνάμεις·
778 587 867 672 ὅμοια
885 589 918 654 δὲ
931 592 982 654 nui
999 588 1051 656 τὸν
1065 589 1184 657 Κάτλον

166 684 259 754 αὐτὸν
286 684 499 772 ἀπολογεῖσθαι
525 687 593 771 περὶ
618 685 731 753 τούτων
759 691 922 771 ἱστοροῦσι,
951 686 1066 771 πολλὴν
1094 715 1182 772 ιιοτη-

166 793 315 874 γοροῦντα
336 792 390 851 τοῦ
412 790 538 870 Μαρίου
561 783 746 868 ιιαιιοήθειαν
767 784 843 870 πρὸς
865 783 964 852 αὑτὸν.
1195 813 1208 855 ε

258 889 293 958 2.
318 897 397 958 Plut.
411 897 494 959 Mar.
508 896 554 957 26
579 890 664 958 Οὕτω
683 890 712 957 δ’
731 884 811 977 ἦσαν
828 891 968 960 διάπονοι
987 896 1135 976 [Romani
1151 892 1247 973 iulii-¹

167 996 284 1071 campis
312 992 458 1072 Raudiis]
486 989 522 1056 τὰ
550 988 669 1074 σώματα
694 991 746 1055 καὶ
776 987 1007 1073 κατηθληιώτες,
1040 987 1080 1069 ώς
1112 981 1245 1076 μήτε663

167 1085 309 1169 ίδροῦυτά
337 1113 404 1153 τινα
436 1086 508 1172 μήτε
543 1083 751 1171 ἀσθμαίνοντα
777 1085 931 1171 Ῥωμαίων
963 1086 1100 1172 ὀφθῆναι
1132 1086 1184 1154 διδι

167 1188 295 1270 πνίγους
312 1183 454 1252 τοσούτου
471 1189 522 1251 καί
539 1187 610 1270 μετὰ
629 1187 743 1273 δρόμου
760 1193 813 1268 τῆς
830 1185 998 1270 συρράξεως
1012 1187 1184 1271 γενομένης,

168 1278 210 1359 ώς
239 1279 293 1347 τὸν
319 1281 437 1348 Κάτλον
467 1279 605 1350 αὖτδνί
590 1289 716 1369 ἱστορεῖν
742 1285 860 1370 λέγουσι
887 1283 1088 1370 μεγαλάνωντα
1114 1281 1184 1362 τοὺς
1199 1310 1225 1350 ιο

167 1377 347 1463 στρατιώτας.

258 1475 293 1544 3.
318 1483 397 1546 Plut.
412 1484 495 1545 Mar.
508 1484 555 1545 27
587 1479 630 1548 Τδι
653 1474 766 1566 μλν’
730 1508 786 1547 ουν
808 1479 942 1602 γρήμοτα
964 1481 1248 1605 [Ct'rrtbrorum].636
1196 1464 1246 1514 ¹⁰¹

168 1574 340 1660 διήρπασαν
366 1580 399 1644 οἱ
422 1583 548 1662 Μαρίου
577 1587 759 1664 στρατιῶται,
786 1578 822 1645 τὰ
850 1579 883 1644 δὲ
910 1577 1031 1663 λάφυρα
1057 1605 1107 1644 ται
1133 1555 1247 1657 τδις663

168 1679 296 1758 σημαίας
318 1674 421 1742 καί
390 1703 443 1755 τας
465 1675 628 1764 σάλπιγγας
650 1676 742 1758 είς
714 1704 747 1744 το
771 1675 891 1743 Κάτλου
915 1673 1152 1761 στρατόπεδον’
1135 1704 1185 1741 αν·

168 1781 330 1858 ενεηθῆναι
351 1769 560 1860 λέγουσιν·
538 1774 780 1866 maurusium
806 1778 950 1862 τεκμηρίῳ
978 1782 1107 1859 χρῆσθαι
1133 1771 1185 1840 τὸν
1200 1789 1225 1832 1⁵

169 1870 304 1954 Kaisias,
328 1869 369 1951 ώς
386 1871 449 1938 κατ’
470 1872 563 1940 αὐτὸν
580 1872 603 1958 ἡ
620 1878 688 1957 νίκη
708 1875 832 1959 γένοιτο.
870 1873 923 1937 ιιαλ
941 1873 1040 1955 μέντοι
1057 1875 1108 1938 nui
1124 1882 1186 1950 τοῖς

170 1969 371 2054 στρατιώταις,
394 1968 435 2049 ώς
461 1971 572 2053 ἔοικεν,
600 1971 786 2055 ἐμπεσούσης
814 1972 913 2056 ἔριδος
939 1966 1093 2057 ᾑρέθησαν
1121 1967 1186 2036 οἷον

171 2071 316 2152 διαιτηταί
338 2070 473 2152 πρέσβεις
494 2077 656 2154 Παρμιτών
678 2065 836 2153 παρόντες,
863 2066 917 2146 οὓς
940 2072 972 2134 ολ
991 2066 1111 2134 Κάτλου
1134 2065 1185 2133 διά

169 2171 229 2232 τών
255 2171 406 2250 πολεμίων
436 2175 551 2252 νεκρῶν
582 2167 704 2254 ἄγοντες
740 2169 947 2234 ἐπεδείκνυντο
977 2175 1039 2244 τοῖς
1072 2167 1186 2232 tamar

168 2259 272 2341 ὑσσοῖς
291 2257 560 2348 διαπεπαρμίνους·
592 2265 735 2351 γνώριμοι
758 2263 786 2331 δ’
812 2258 890 2348 ἦσαν
912 2261 972 2330 ὑπὸ
995 2261 1186 2349 γραμμάτων,
1200 2281 1227 2321 2⁰

168 2359 299 2444 τοῦνομα
321 2369 374 2427 τοῦ
396 2361 516 2430 Κάτλου
538 2363 620 2448 παρὰ
641 2362 674 2430 τὸ
698 2362 788 2442 ξώλον
810 2361 910 2428 αὐτῶν
932 2360 1154 2448 ἐγχαράξαντος.

424 2651 675 2742 LV'FA'HVS
698 2652 932 2740 DAPHNIS

567 2803 796 2861 rasmuuum

138 2913 171 2982 l.
195 2917 276 2979 Suet.
296 2919 335 2979 de
350 2934 480 2994 prumm.
495 2925 526 2980 et
542 2921 619 2981 rhet.
634 2919 697 2996 3p.
711 2918 777 2979 102
791 2918 844 2996 Rs.
872 2918 972 2979 Pretia
995 2909 1069 2978 uer'n
1092 2934 1187 2996 gram·

171 3008 349 3067 matieorum
379 3013 461 3067 tanta
494 3007 709 3087 mercedesque
745 3015 807 3068 tam
837 3025 974 3088 magnae,
1005 3013 1040 3068 ut
1072 3013 1188 3068 constet

172 3094 324 3156 Lutatium
343 3093 537 3178 Daphnidem,
559 3114 649 3177 quem
667 3093 817 3176 †Leuius
836 3095 974 3157 Melissus
996 3111 1052 3176 per
1070 3093 1188 3156 cauilla-

172 3185 284 3245 tionem
308 3185 438 3245 numinis
463 3179 567 3260 Πανὸς
584 3179 728 3268 ἀγάπημα
746 3185 833 3266 dicit,
852 3187 1049 3266 septingentis
1067 3183 1189 3245 milibus
1203 3193 1229 3236 εὔ

172 3290 328 3334 nummum
347 3291 364 3334 a
383 3271 418 3343 Q.
432 3273 535 3335 Catulo
555 3282 688 3354 emptum
708 3293 741 3335 ac
756 3274 843 3335 breui
862 3276 1086 3349 manumissum.
1110 3276 1188 3336 Plin.

173 3379 203 3424 π.
217 3364 246 3425 ir.
267 3361 403 3424 V11128
424 3361 558 3424 Pretium
575 3363 706 3424 huminis
723 3365 756 3424 in
774 3365 898 3425 seruitio
916 3365 1010 3443 geniti
1028 3365 1189 3424 maximum

174 3449 210 3512 ad
224 3451 301 3513 hane
315 3451 409 3533 diem,
427 3452 508 3533 quod
528 3452 665 3533 equidem
685 3455 886 3533 conpererim,
904 3452 962 3513 iuit
980 3454 1189 3531 grammaticae

173 3541 260 3621 artis,
289 3540 426 3620 Daphnin
454 3543 534 3603 Attio
561 3540 740 3603 Pisaurense
770 3541 919 3603 uendente
952 3549 983 3602 et
1009 3540 1046 3602 Μ.
1076 3541 1189 3604 Scauro

171 3631 308 3710 principe
331 3627 460 3694 111ncc
483 3629 600 3692 licente.
1202 3652 1229 3692 το
