2640 4052
425 217 654 276 concionum
672 224 786 276 ro-cr.
884 238 894 256 ·
1073 217 1115 282 51

94 395 149 446 τας
172 366 264 445 ἀλλας
286 392 315 432 τε
333 364 432 443 πόλεις
450 369 545 431 κτίσαι
562 363 688 446 πολλάς,
706 365 739 429 ἐν
758 360 808 442 αἷς
828 366 920 430 οἰκεῖν
938 361 1117 447 ἀτειχίστοις,

94 468 148 530 καί
172 463 211 548 δὴ
234 466 284 529 καλ
307 461 358 542 τάς
380 464 675 548 προσαγορευομένας
698 461 824 547 Κάρειςῖ
851 459 950 547 χάραν
974 463 1007 527 δὲ
1029 488 1118 528 κατα·

96 572 179 649 σχεῖν
205 570 258 646 τῆς
291 562 345 645 μλν
368 560 527 645 Ἀδριανῆς
558 560 705 645 θαλάττης
735 559 906 646 ἀπέχουσαν
938 553 1016 644 ἀμφί
1047 559 1118 639 τοὺς

95 658 283 747 ὀγδοήκοντα
314 661 364 725 καί
396 663 567 736 διακοσίους
603 663 755 740 σταδίους,
783 665 835 741 τῆς
863 657 899 736 δὲ,
931 664 1118 742 Τυρρηνικῆς

94 756 308 841 τετταράκοντα
334 756 409 840 πρὸς
437 761 613 835 διακοσίοις
650 765 744 842 μῆκος
772 758 805 823 δὲ
832 754 924 840 αὐτῆς
951 753 1030 822 είναί
1059 770 1144 840 mvi-⁶

95 877 146 922 σιν
175 854 265 943 ὀλίγῳ
292 865 377 940 μεῖον
404 859 532 921 σταδίων
563 860 672 939 χιλίων.
710 855 795 921 Ἔστι
823 855 856 920 dl
883 881 927 932 τις
952 856 1003 920 καλ
1029 852 1118 934 ἀλλος

95 951 172 1038 ὑπὲρ
193 960 256 1018 τοῖν
272 957 417 1038 Σαβίνων
439 955 473 1018 ἒν
495 957 634 1039 ίστορίαις
656 957 824 1039 ἐπιχωρίοις
841 950 998 1038 λεγόμενος
1019 950 1117 1038 λόγος,

97 1049 139 1130 ἀς
166 1055 418 1134 Λακεδαιμονίων
452 1050 676 1136 ἐποικησάντων
708 1050 808 1130 αὐτοῖς
837 1049 910 1116 καθ’
940 1048 977 1116 ὃν
1008 1049 1117 1135 χρόνον

97 1144 303 1233 ἕπιτροπεάων
325 1148 471 1233 Εάνομον
489 1148 542 1217 τάν
560 1148 742 1233 ἀδελφιδοῦν
765 1156 948 1234 Λυκοῦργος
974 1149 1058 1214 ἔθετο
1081 1153 1116 1238 τῇ

97 1245 224 1335 Σπάρτη
238 1245 308 1324 τοὺς
320 1245 441 1330 νόμους.
463 1246 652 1333 ἀχθομένους
665 1245 722 1335 γάρ
736 1276 819 1326 τινας
833 1255 867 1338 τῇ
882 1244 1051 1330 σκληρότητι
1064 1251 1117 1329 τῆς
1130 1259 1157 1302 1⁰

95 1350 279 1430 νομοθεσίας
297 1345 348 1409 καί
366 1343 539 1424 διαστάντας
557 1341 618 1413 ἀπὸ
640 1354 700 1411 τῶν
723 1347 830 1430 ἕτίρων
853 1349 986 1430 οἴχεσθαι
1008 1341 1040 1408 τὸ
1063 1367 1118 1422 πμ-

96 1442 200 1527 ράπαν
223 1445 257 1510 ἐκ
278 1451 331 1528 τῆς
352 1443 479 1523 πόλεως·
503 1447 601 1511 ἔπειτα
619 1442 670 1510 διά
688 1442 838 1529 πελάγους
860 1450 972 1509 πολλοῦ
995 1442 1117 1527 φερομέ-

96 1569 172 1619 νους
194 1540 341 1620 εὔξασθαι
363 1550 423 1620 τοῖς
440 1551 524 1620 θεοῖς
543 1541 658 1627 (πάθον
675 1540 732 1627 γάρ
754 1569 821 1607 τινα
844 1539 987 1607 ἀπελθεῖν
1009 1538 1118 1618 αὐτοὺς

96 1637 317 1724 ὁποιασδήποτε
333 1637 404 1726 γης)
428 1644 470 1718 είς
491 1637 532 1724 ἣν
549 1637 588 1705 ἀν
610 1643 720 1706 ἔλθωσι
737 1639 868 1724 πράτην,
892 1641 924 1705 ἐν
941 1637 1032 1727 ταάτη
1049 1665 1117 1703 κατ-

96 1736 240 1822 οικήσειν,
284 1739 483 1824 καταχθέντας
511 1738 545 1803 δὲ
570 1744 623 1820 τῆς
641 1736 764 1817 Ἰταλίας
791 1739 860 1822 περί
887 1735 923 1804 τά
949 1734 1117 1820 καλοάμενα
1131 1751 1158 1792 1⁶

96 1843 278 1920 Πωμεντῖνα
304 1839 392 1902 πεδία
419 1833 453 1901 τά
479 1861 509 1902 τε
536 1840 660 1920 χωρίον,
683 1839 716 1902 ἐν
744 1829 768 1927 ᾧ
795 1843 914 1920 πρῶτον
942 1831 1117 1918 ὡρμίσαντο,

98 1937 261 2018 Φορωνίαν
282 1931 343 2000 ἀπὸ
365 1942 418 2017 τῆς
439 1938 582 2020 πελαγίου
605 1933 761 2018 φορήσεως
790 1931 938 2016 ὀνομάσαι
964 1933 1014 1998 καὶ
1042 1939 1118 2009 θεᾶς

96 2029 179 2114 ἱερὸν
202 2029 384 2114 ίδράσασθαι
407 2036 578 2115 Φορωνίας,
605 2025 625 2118 ᾖ
652 2030 704 2109 τάς
733 2027 822 2116 εάγάς
844 2033 959 2096 ἔθεντο·
995 2028 1037 2115 ἣν
1059 2036 1117 2095 νῦν

98 2127 166 2206 ἕνδς
188 2127 302 2218 ἀλλαγῇ
324 2128 493 2214 γράμματος
517 2135 674 2214 Φερωνίαν
696 2136 847 2197 καλοῦσιν.
876 2130 992 2194 ἐκεῖθεν
1015 2122 1044 2192 δ’
1069 2124 1116 2210 δρ-

97 2227 250 2310 μηθίντας
277 2224 377 2292 αὐτῶν
403 2253 485 2306 τινας
511 2231 670 2305 συνοίκους
698 2237 760 2306 τοῖς
787 2230 932 2311 Σαβίνοις
962 2226 1114 2311 γενέσθαι·
1129 2241 1157 2283 2⁰

96 2326 149 2390 καλ
171 2322 223 2389 διά
241 2330 328 2390 τοῦτο
345 2323 439 2390 πολλά
457 2331 518 2390 τοῖν
534 2329 669 2409 νομίμων
687 2323 763 2391 είναι
780 2330 923 2410 Σαβίνων
940 2320 1115 2403 Λακωνικά,

97 2420 222 2505 μάλιστα
245 2421 278 2486 δὲ
300 2419 333 2487 τὸ
356 2418 558 2507 φιλοπόλεμόν
585 2448 615 2488 τε
637 2426 687 2488 καλ
709 2422 741 2489 τὸ
764 2428 939 2490 λιτοδίαιτον
962 2423 1012 2486 καὶ
1032 2417 1114 2503 παρά

95 2517 252 2584 πάντατά
275 2520 347 2604 ἔργα
368 2525 421 2585 τοῦ
443 2523 513 2603 βίον
536 2519 673 2604 σκληρόν.

189 2622 295 2690 ol**.
319 2630 407 2692 Serui
431 2633 475 2692 od
491 2633 564 2693 Aen.
591 2629 673 2692 VIII
689 2632 754 2693 638
777 2631 965 2710 Curibusque
984 2626 1114 2705 seueris]

96 2716 156 2779 lut
175 2712 316 2778 ‘seueris'
336 2718 492 2799 disciplina
510 2729 561 2782 aut
575 2739 639 2781 rem
653 2720 710 2783 hoc
725 2720 818 2783 uerbo
833 2719 1017 2782 reconditam
1031 2719 1114 2797 dixit,
1128 2739 1155 2779 ετ

99 2808 169 2886 quia
185 2805 289 2867 Sabini
303 2825 319 2867 a
333 2807 574 2870 Lacedaemoniis
588 2811 734 2889 originem
748 2810 871 2891 ducunt,
886 2818 920 2870 ut
928 2808 1063 2888 Hyginus
1074 2809 1114 2867 ait

97 2895 134 2956 de
149 2896 266 2974 origine
281 2895 401 2958 urbium
415 2895 584 2959 Italicarum
600 2897 657 2976 [fr.
669 2897 717 2980 9]‚
736 2917 753 2959 a
768 2898 859 2980 Sabo,
875 2899 927 2977 qui
941 2896 977 2958 de
991 2896 1113 2957 Perside

96 2983 348 3046 Lacedaemonios
367 2989 516 3048 transiens
535 2988 571 3049 ad
585 2986 697 3048 ltaliam
712 2990 795 3049 uenit
814 2996 843 3049 et
858 2985 989 3065 expulsis
1005 2983 1114 3046 Siculis

97 3074 195 3135 tenuit
218 3072 291 3154 loca,
316 3093 390 3154 quae
416 3074 517 3136 Sabini
539 3075 658 3137 hahent.
674 3110 715 3120 —
731 3075 802 3138 Calo
827 3084 927 3137 antem
950 3083 980 3135 ct
1001 3073 1113 3135 Gellius

98 3161 153 3240 [sr.
159 3161 218 3240 10]
234 3180 250 3223 a
265 3161 343 3224 Sabo
358 3163 591 3227 Lacedaemonio
604 3165 723 3226 trahere
738 3184 790 3226 cos
804 3167 950 3244 originem
964 3164 1112 3246 relerunt3
1126 3177 1154 3219 ao

97 3269 187 3330 porro
207 3251 457 3314 Lacedaemonios
481 3253 658 3315 durissimos
681 3256 773 3316 luisse
793 3255 889 3316 omnis
908 3253 996 3314 lectio
1015 3253 1112 3334 docet,

98 3339 277 3401 Sabinorum
301 3343 391 3402 etiam
409 3360 507 3403 mores
530 3343 673 3423 populum
691 3342 857 3406 Romanum
877 3349 1013 3404 secutum
1032 3342 1111 3403 idem

97 3428 168 3491 Cato
183 3429 270 3492 dicit:
294 3432 401 3492 morito
420 3449 491 3510 ergo
511 3427 658 3514 ‘seueris',
677 3434 813 3512 quieta
833 3432 917 3494 duris
935 3429 1111 3510 parentibus

97 3520 156 3579 orii
170 3525 251 3600 sunl,
266 3526 296 3579 et
316 3537 445 3599 quorum
459 3520 646 3600 disciplinam
664 3523 795 3583 uictores
815 3520 940 3583 Romani
958 3522 989 3580 in
1007 3519 1111 3581 multis

97 3609 196 3669 seculi
218 3615 298 3670 sunt.
1123 3618 1150 3661 σν

911 3709 950 3762 4*
