2640 4052
170 179 220 243 ’56
511 177 547 232 Μ.
567 175 687 234 Poucn
705 177 861 236 CATONIS

177 329 255 408 patis
278 328 309 386 in
334 344 368 387 33
391 327 480 388 caede
503 327 654 407 hostibus,
676 335 796 407 tempus
818 330 968 390 exercitus
992 345 1027 389 ex
1051 325 1199 388 hocloco

177 416 325 478 educendi
338 414 471 478 habebis,
490 416 547 477 3113
560 418 620 480 nisi
633 416 706 477 haec
721 416 825 478 salutis
840 420 887 478 uia
903 416 982 478 nulla
997 411 1063 478 est'
1083 415 1198 477 Consul

176 505 299 567 tribuno
318 505 481 586 respondit,
496 505 665 567 consultum
684 507 762 567 istuc
782 506 902 586 quidem
922 514 1011 585 atque
1029 505 1197 585 prouidens

178 593 236 656 sibi
258 594 400 674 uiderier,
424 589 492 656 ‘sed
515 589 605 656 istos'
629 597 728 674 inquit
750 589 875 658 ‘milites
899 595 1134 675 quadringentos
1157 593 1197 655 ad

178 701 247 745 eum
269 682 367 744 locum
390 685 422 743 in
444 683 576 744 hostium
604 701 715 746 cuneos
744 687 880 764 quisnam
907 686 965 746 erit
988 686 1040 764 qui
1067 677 1229 744 ducatf's

179 767 228 832 ‘Si
251 768 356 833 alium'
380 773 479 853 inquit
502 771 642 835 tribunus
662 768 828 835 ‘neminem
846 775 976 853 reperis,
999 791 1047 836 me
1066 771 1136 832 licet
1157 771 1197 832 ad

176 861 234 922 hoc
257 861 425 941 periculum
448 870 547 943 utare3
569 880 624 941 ego
647 861 723 924 hanc
746 861 802 924 tibi
825 870 855 923 et
873 865 918 923 rei
937 881 964 941 p.
984 863 1113 924 animam
1135 854 1196 921 do.'

177 949 288 1012 Consul
306 949 428 1012 tribuno
446 953 556 1030 gratias
574 950 736 1031 laudesque
755 954 823 1031 agit.
847 951 986 1013 tribunus
1006 959 1035 1011 et
1055 949 1197 1031 quadrin-

177 1041 260 1120 genti
278 1039 315 1100 ad
333 1041 522 1102 moriendum
541 1041 781 1119 proficiscuntur.
804 1040 907 1102 bostes
922 1059 1026 1102 eorum
1041 1040 1196 1101 audaciam

178 1129 371 1208 demirantur,
396 1147 540 1208 quorsum
563 1132 607 1190 ire
625 1137 760 1208 pergant,
777 1132 810 1190 in
830 1129 1012 1208 expectando
1032 1136 1110 1190 sunt.
1141 1127 1243 1189 sed1o

179 1217 232 1279 ubi
250 1220 396 1298 apparuit,
415 1219 451 1280 ad
471 1237 535 1279 eam
554 1236 712 1279 uerrucam
732 1219 933 1298 occupandam
952 1221 1010 1279 iter
1028 1217 1197 1298 intendere,

178 1309 270 1368 mittit
293 1306 454 1368 aduersum
477 1307 543 1368 illos
567 1309 729 1385 imperator
749 1305 1006 1386 Karthaginiensis
1029 1306 1196 1386 peditatum

179 1398 418 1476 equitatumque,
446 1414 521 1476 quos
555 1399 587 1456 in
620 1398 754 1456 exercitu
791 1398 874 1458 uiros
910 1396 1014 1458 habuit
1050 1397 1197 1457 strenuis·

179 1487 278 1545 simos.
325 1484 449 1547 Romani
477 1485 586 1546 milites
610 1487 903 1567 circumueniuntur,
926 1487 1127 1546 circumuenti
1149 1503 1197 1546 re·

178 1582 321 1653 pugnant
359 1575 393 1634 lit
414 1573 561 1653 praelium
584 1574 636 1635 diu
659 1592 777 1653 anceps.
809 1573 929 1635 tandem
952 1581 1073 1654 superat
1095 1573 1197 1634 multi·
1212 1588 1243 1630 is

178 1662 260 1724 tudo.
298 1662 508 1742 quadringenti
530 1680 633 1724 omnes
656 1681 725 1724 cum
754 1681 828 1744 uno,
855 1663 984 1742 perfossi
1010 1661 1116 1743 gladiis
1145 1671 1198 1723 aut

179 1750 342 1813 missilibus
367 1754 477 1832 operti,
501 1751 618 1814 cadunt.
656 1750 766 1814 Consul
789 1751 924 1832 interibi,
948 1752 1018 1813 dum
1043 1770 1076 1813 ea
1094 1769 1198 1831 pugna
1296 1827 1297 1834 ἵ

179 1847 337 1922 pugnatur,
362 1843 448 1902 sein
472 1840 553 1902 locos
577 1848 658 1902 tutos
682 1848 771 1920 atque
795 1841 891 1902 editos
915 1840 1063 1902 subducit.

269 1947 328 2008 Sed
352 1948 431 2028 quod
455 1947 498 2009 illi
516 1947 647 2029 tribuno,
666 1947 735 2026 duci
752 1946 881 2009 militum
901 1947 1197 2029 quadringentorum,

180 2035 325 2098 diuinitus
344 2039 375 2098 in
390 2055 426 2097 eo
439 2036 553 2116 praelio
568 2055 625 2099 usu
639 2039 732 2117 uenit,
745 2054 806 2097 uon
819 2038 878 2097 iam
893 2039 1013 2117 nostris,
1028 2036 1080 2097 sed
1099 2038 1197 2114 ipsius
1212 2052 1243 2094 eo

180 2125 299 2187 Catonis
317 2124 421 2186 uerbis
441 2125 637 2186 subiecimus:
661 2125 709 2186 Dii
727 2124 908 2186 immortales
927 2124 1048 2186 tribuno
1068 2125 1198 2187 militum

180 2215 330 2276 fortunam
359 2233 395 2274 er
427 2216 540 2275 uirtute
573 2217 637 2276 eius
665 2214 782 2276 dedere.
821 2232 889 2274 nam
915 2216 957 2274 ita
985 2215 1100 2276 euenit:
1127 2234 1198 2276 cum

181 2304 300 2363 saucius
325 2302 515 2363 multifariam
538 2302 580 2363 ibi
603 2303 699 2363 factus
723 2309 815 2382 esset,
844 2310 942 2363 tanren
966 2301 1077 2363 uulnus
1106 2306 1199 2383 capiti

179 2390 294 2452 nullum
319 2393 433 2471 euenit,
457 2409 584 2470 eumque
612 2393 691 2452 inter
714 2398 848 2452 mortuos
871 2390 1064 2470 defetigatum
1092 2391 1197 2453 uulne-

180 2479 264 2540 ribus
278 2486 367 2559 atque
383 2480 461 2559 quod
477 2498 610 2559 sanguen
624 2479 796 2560 defluxerat,
812 2498 989 2559 cognouere.
1013 2498 1082 2541 eum
1096 2489 1197 2543 sustu·
1212 2496 1241 2538 as
1296 2537 1297 2550 ,

181 2568 251 2649 1333,
271 2570 356 2648 isque
371 2568 523 2630 conualuit
542 2587 690 2649 saepeque
708 2568 826 2650 postilla
845 2587 965 2648 operam
980 2571 1025 2630 rei
1043 2588 1072 2649 p.
1087 2571 1197 2632 fortem
1296 2635 1297 2644 ,

181 2665 270 2737 atque
294 2665 445 2718 strenuam
468 2657 621 2738 perbibuit
645 2657 769 2738 [illoque
788 2658 875 2738 facto,
899 2656 978 2737 quod
997 2658 1063 2719 illos
1086 2658 1198 2720 milites

181 2746 332 2828 subduxit,
343 2749 507 2809 exercitum
518 2755 652 2809 ceterum
664 2743 820 2826 seruauit}
836 2746 895 2808 Sed
908 2746 988 2808 idem
998 2746 1198 2830 benefactum,

181 2855 240 2917 quo
259 2838 290 2896 in
310 2834 374 2897 loco
393 2854 495 2918 ponas,
514 2838 639 2898 nimium
657 2839 792 2898 interest.
815 2835 962 2896 Leonides
977 2835 1054 2897 Laco
1076 2837 1198 2916 quidem

181 2924 277 2986 simile
296 2925 375 3004 apnd
394 2925 607 3005 Thermopylas
627 2926 705 3006 fecit,
724 2933 847 3005 propter
866 2925 931 2984 eius
950 2926 1080 2986 uirtutes
1099 2928 1198 2987 omnis
1212 2941 1241 2982 33

181 3013 304 3074 Graecia
326 3014 451 3093 gloriam
474 3023 563 3095 atque
582 3016 707 3094 gratiam
729 3015 920 3093 praecipuam
943 3012 1130 3075 claritudinis
1154 3017 1199 3076 in·

182 3102 352 3163 olitissimae
376 3103 558 3164 decorauere
579 3104 792 3183 monumentis,
811 3104 918 3182 signis,
940 3104 1060 3182 statuis,
1084 3102 1199 3186 elogiis,

181 3191 316 3252 historiis
330 3191 455 3270 aliisque
471 3191 574 3274 rebus5
589 3193 791 3272 gratissimum
805 3191 834 3251 id
850 3193 915 3252 eius
929 3191 1040 3252 factum
1054 3190 1198 3254 babuere.

182 3287 211 3340 at
235 3279 355 3340 tribuno
380 3279 507 3341 militum
530 3298 623 3360 parua
644 3280 709 3342 laus
728 3299 784 3361 pro
804 3280 889 3340 factis
908 3279 1020 3362 relicta,
1045 3283 1098 3361 qni
1117 3281 1199 3343 idem

180 3368 293 3430 fecerat
315 3376 403 3448 atque
428 3386 492 3449 rem
515 3377 698 3432 seruauerat.
1212 3384 1239 3428 as

214 3515 217 3524 ·
270 3474 353 3536 llanc
382 3474 415 3546 Q.
439 3474 557 3537 Caedici
584 3474 699 3537 uibuni
725 3478 868 3538 uirtutem
896 3474 934 3536 M.
963 3474 1034 3536 Cato
1063 3476 1115 3538 tali
1142 3496 1199 3540 suo

181 3565 353 3625 testimonio
371 3564 533 3626 decorauit.
570 3558 636 3645 (Ex
657 3567 752 3629 Gellio
775 3565 821 3643 [p.
836 3565 879 3625 55
902 3584 931 3626 3.
951 3563 1012 3642 30]
1037 3567 1155 3628 Nonius
1175 3586 1199 3630 s.
