2620 4054
259 229 288 284 e.
308 195 397 284 rvnn
414 227 546 284 ursini
582 229 778 284 rnsr.1-4.
796 226 932 283 renen.
950 237 972 284 1.
1060 229 1125 296 279

366 380 409 467 Ο.
441 379 611 467 IVLIVS
643 380 872 468 HYGINVS

506 529 732 586 TESTIMONIA

85 613 114 682 l·
137 635 257 696 Sueton.
273 637 311 696 de
322 651 450 710 gramm.
466 641 496 695 et
508 637 585 696 rhet.
599 635 646 695 20
657 654 687 712 p.
697 636 758 696 115
768 637 830 711 eff.
846 635 877 697 C.
887 635 980 699 lullus
992 633 1126 716 Hyginus

113 723 238 802 Augusti
261 721 387 784 libertus
411 725 529 783 natione
550 722 698 803 Hispanus
721 719 872 804 (nonnulli
895 724 1127 787 AlexandrInum

113 820 218 891 putant
241 819 271 872 et
294 831 310 872 a
330 811 454 874 Caesare
477 829 605 890 puerum
624 811 747 874 Romam
770 813 931 875 adductum
950 813 1125 875 Alexandria

113 910 196 981 capta
221 899 262 979 [a.
278 902 333 962 47.
351 896 450 981 707])
475 901 607 963 studiose
631 910 661 963 et
680 902 773 963 audiit
792 909 822 962 et
840 903 973 963 imitatus
992 912 1037 964 est
1056 903 1151 970 Cor.

113 989 222 1052 nelium
245 989 446 1051 Alexandrum
469 993 694 1069 grammaticum
713 990 868 1071 Graecum,
892 1009 980 1070 quem
1003 1000 1153 1071 propter-r

113 1081 295 1159 antiquitatis
319 1081 455 1140 notitiam
473 1078 689 1158 Polyhistorem
711 1079 806 1160 multi,
827 1079 947 1158 quidam
965 1078 1127 1141 Historiam

113 1167 265 1229 uocabant.
302 1168 432 1249 praefuit
459 1167 607 1229 Palatinae
639 1167 849 1249 bibliothocae,
880 1187 935 1230 nec
964 1187 999 1230 eo
1027 1170 1126 1230 secius

112 1254 255 1335 plurImos
278 1257 393 1338 docuit,
421 1251 810 1336 luitqne'familiarissimus
833 1256 940 1320 Ouidio
968 1265 1072 1336 poetae
1096 1267 1126 1318 et

113 1343 213 1406 Clodio
233 1346 336 1408 Licino
360 1345 510 1408 consolari
532 1346 686 1427 histo'rico,
710 1349 762 1425 qui
785 1365 854 1408 enm
877 1347 1036 1407 admodum
1055 1365 1126 1426 pau·

112 1452 214 1512 perem
237 1434 401 1496 decessisse
426 1435 516 1496 tradit
541 1433 598 1512 [fr.
613 1436 647 1514 2]
676 1444 706 1496 et
734 1435 910 1497 liberalitate
939 1453 1004 1515 sua,
1028 1435 1125 1514 quoad
1142 1449 1167 1489 1⁰

112 1524 230 1605 uixerit,
253 1531 461 1586 sustentatum.
497 1523 587 1588 huius
616 1524 742 1587 libertus
770 1525 827 1586 luit
849 1524 943 1586 lulius
965 1524 1127 1603 Modestus,

111 1613 142 1674 in
166 1613 273 1680 studiis
297 1621 385 1694 atque
409 1613 544 1676 doctriua
567 1616 694 1693 uestigia
717 1616 835 1694 patroni
854 1623 983 1675 secutus.
1008 1607 1073 1694 (Ee
1091 1630 1126 1675 eo

112 1701 239 1777 confuse
256 1703 381 1764 Hieron.
402 1706 446 1764 od
463 1719 491 1764 a.
509 1703 602 1764 2008
619 1705 694 1765 Abr.
717 1696 796 1786 (ea.
815 1697 946 1784 Chr..)p
961 1703 1025 1762 145
1040 1697 1125 1805 Scit.)

77 1787 111 1854 2.
135 1791 260 1852 Hieron.
275 1794 387 1852 denir.
402 1795 441 1852 iii.
457 1793 532 1869 IIp
546 1792 608 1852 821
631 1792 704 1853 Voti.
725 1792 767 1854 lle
783 1794 858 1853 uirIs
871 1790 1039 1853 illustribus
1054 1794 1126 1852 sori·

112 1887 288 1958 pserunt-
297 1879 375 1957 apud
394 1879 515 1941 Latinos
533 1879 639 1961 Varro,
660 1880 779 1960 Santra,
801 1880 913 1960 Nepos,
937 1879 1071 1960 Hyginus
1095 1887 1125 1997 et
1141 1893 1165 1932 1⁵

114 2001 152 2012 -
179 1966 378 2046 Tranquillus.

76 2055 111 2121 3.
135 2058 224 2118 Seru
238 2057 532 2118 colummers
555 2056 597 2118 lle
616 2055 726 2119 italicis
744 2059 832 2118 etiam
852 2056 978 2119 urbibus
992 2056 1126 2138 Hyginus

111 2145 284 2226 plenissime
299 2147 420 2226 scripsit
435 2154 465 2207 et
478 2144 549 2208 Cato
564 2147 596 2207 iu
610 2145 785 2224 originibus.
808 2146 886 2226 apud
901 2164 1004 2208 ornnes
1018 2155 1126 2226 tamen,

112 2236 138 2296 si
161 2234 320 2314 diligenter
343 2235 494 2315 aduertas,
523 2234 559 2296 de
587 2234 761 2298 auetorIbus
789 2234 975 2296 conditarum
1005 2235 1126 2298 urbium

111 2324 258 2385 dissensio
282 2325 444 2404 inuenitur,
467 2323 540 2384 adeo
560 2333 593 2386 ut
611 2342 649 2384 ne
668 2323 753 2385 urbis
772 2323 892 2402 quidem
911 2322 1020 2385 Romae
1042 2327 1125 2403 origo
1140 2340 1166 2378 ro

110 2415 207 2492 possit
229 2413 387 2492 diligenter
409 2415 539 2492 agnosci.

74 2498 111 2566 4.
136 2503 277 2579 Hyginus
296 2503 395 2567 Plinio
414 2505 446 2564 in
465 2509 526 2564 nai.
545 2505 613 2564 bist.
636 2519 695 2564 sec.
712 2505 774 2564 iod.
789 2507 898 2564 auctor
909 2499 973 2576 suit
988 2505 1080 2564 eiiam
1095 2506 1125 2564 in

112 2593 181 2652 libr.
196 2592 297 2652 III-
307 2592 355 2652 VI.
369 2592 522 2653 X-XII.
538 2592 625 2652 XIV.
641 2591 711 2652 XV.
725 2591 831 2651 XVII.
846 2589 955 2650 XXII.

351 2707 609 2764 EXEMPLORVM
627 2707 887 2764 FRAGMENTVM

204 2799 236 2868 l.
263 2806 335 2866 Geli.
350 2805 385 2865 X
395 2805 479 2880 18,5
502 2803 534 2866 ld
559 2812 784 2865 monumentum
807 2805 965 2864 Artemisia
989 2821 1057 2864 euru
1081 2803 1126 2863 dis

111 2892 249 2955 manibus
277 2895 371 2954 sacris
393 2892 519 2954 Mausoli
546 2892 673 2975 dicaret,
702 2910 808 2972 agona,
835 2892 866 2953 id
899 2901 945 2954 est
975 2899 1125 2954 certamen
1141 2905 1167 2945 ιι

110 2982 249 3044 laudlbus
279 2985 344 3044 eius
375 2982 525 3062 dicendis,
555 2983 626 3044 lacit
654 2985 797 3062 ponitque
825 2983 955 3061 praemia
982 2983 1126 3061 pecuniae

110 3071 295 3150 aliarumque
318 3088 422 3132 rernm
444 3070 589 3132 bonarum
613 3071 800 3151 amplissima.
831 3070 866 3132 ad
886 3088 936 3131 eas
955 3069 1058 3132 laudes
1077 3069 1126 3130 de·

110 3160 268 3222 certandae
283 3161 402 3222 uenisse
417 3159 558 3221 dicuntur
572 3162 632 3221 uiri
623 3157 788 3220 'nobiIes
780 3162 899 3239 ingenio
918 3168 1008 3240 atque
1027 3157 1126 3237 lingua

109 3248 292 3329 praestabili,
315 3247 533 3329 Theopompus,
553 3248 747 3329 Theodectes,
765 3248 992 3310 Naucrates—
1011 3247 1069 3308 Sed
1091 3266 1126 3308 eo

109 3344 262 3398 certamen
276 3338 386 3398 uicisse
402 3335 626 3417 Theopompum
640 3338 805 3399 ludicatum
819 3316 931 3398 est-
944 3335 1033 3398 Extat
1047 3355 1126 3398 nunc
1141 3350 1167 3390 ³0

111 3443 233 3506 quoqne
265 3424 426 3488 Theodecti
454 3426 620 3506 tragoedia,
652 3444 727 3505 quae
760 3425 936 3488 inscribitur
968 3425 1126 3504 Mausolus,

110 3517 225 3594 inqua
249 3531 318 3576 eum
341 3516 435 3593 magis
463 3533 550 3593 quam
578 3517 608 3578 ln
638 3533 726 3594 prosa
758 3513 905 3593 placuisse
933 3513 1126 3594 Hyginus'm

110 3602 255 3683 exemplis
279 3602 380 3664 reiert.
