2670 4058
192 225 256 290 164
527 222 677 278 vanuum
694 221 867 279 turmula

153 376 255 436 bdies
278 372 421 436 dicendae
445 389 551 434 causae
574 375 666 434 uenit.
689 389 745 433 uec
768 371 844 432 alius
863 380 950 433 autea
968 374 1126 452 quisquam
1148 390 1204 434 nec
1312 427 1313 450 ,

189 463 239 525 ille
262 465 327 542 ipse
347 461 448 543 Scipio
467 460 572 524 consul
595 479 741 522 censorue
765 463 877 522 maiore
901 463 997 524 omnis
1016 463 1135 541 generis
1152 462 1206 522 bo·

189 554 305 614 minum
332 552 513 632 frequentia,
542 569 631 631 quam
656 569 728 612 reus
756 549 807 611 illo
830 549 878 610 die
906 551 937 610 in
966 551 1064 612 lorum
1087 558 1133 612 est
1155 550 1206 613 de·

190 641 308 704 ductus.
331 642 432 704 iussus
455 640 555 702 dicere
575 658 694 701 eausam
713 641 778 701 siue
796 638 857 699 ulla
875 640 1036 700 criminum
1053 642 1205 701 mentione

168 732 355 792 'orationem
378 729 451 791 adeo
475 729 662 809 magnificam
680 728 732 810 de·
744 727 836 790 rebus
860 727 896 812 ab
920 746 952 788 se
976 729 1069 808 gestis
1092 738 1139 790 est
1157 747 1235 793 ens

191 837 291 900 orsus,
314 827 348 880 ut
370 821 443 880 satis
467 826 618 880 constaret
639 816 789 882 nemiuem
811 835 952 897 umquam
975 835 1073 898 neque
1100 817 1209 880 melius

191 926 288 1012 neque
307 910 411 970 uarius
429 907 581 970 laudatum
600 926 674 969 esse.
700 905 876 972 dicebantur
894 908 974 967 enim
992 905 1029 967 ab
1048 925 1084 968 eo
1103 906 1207 969 eodem

191 1000 289 1059 animo
318 1000 510 1080 ingenioque,
535 1015 593 1078 quo
621 1004 705 1074 gesta
732 1003 830 1078 erant,
853 1003 884 1056 et
911 997 1029 1058 aurium
1056 996 1208 1058 fastidium

133 1113 134 1116 ¹
134 1087 307 1171 aberat,
336 1088 405 1167 quia
431 1106 487 1167 pro
515 1085 661 1168 periculo,
690 1103 750 1146 uon
777 1087 810 1147 in
839 1084 963 1164 gloriam
990 1084 1206 1147 referebantur.
1314 1105 1315 1110 ¹

134 1149 233 1259 c.(e
248 1178 289 1236 51
291 1171 313 1260 .)
336 1175 451 1238 tribuni
474 1175 570 1255 plebis
588 1182 689 1236 vetera
711 1173 846 1238 luxuriae
864 1175 990 1235 crimina
1009 1173 1207 1255 Syracusano·
1222 1199 1249 1238 ιο

191 1284 260 1328 ιιιιιι
283 1264 478 1327 hibernorum
497 1273 527 1325 et
545 1263 652 1328 Locris
667 1262 885 1325 Pleminianum
902 1266 1066 1326 tumultum
1084 1282 1153 1326 cum
1171 1264 1208 1326 ad
1315 1256 1316 1340 l

192 1354 280 1416 fidem
317 1357 521 1434 praesentium
553 1354 714 1414 criminum
749 1352 967 1434 rettulissent,
988 1352 1208 1433 suspicionibus
1315 1349 1316 1356 '

192 1446 286 1524 magis
310 1462 399 1523 quam
422 1443 605 1523 argumentis
627 1444 771 1522 pecuniae
794 1451 898 1522 captae
917 1461 1003 1504 reum
1022 1451 1209 1505 accusarunt.

192 1533 286 1594 lilium
306 1541 426 1613 captum
444 1535 508 1594 siue
527 1533 624 1610 pretio
643 1530 802 1612 redditum,
817 1532 1014 1612 omnibusque
1034 1531 1100 1592 aliis
1117 1530 1208 1593 rebus
1315 1543 1316 1562 l

194 1621 373 1702 Scipionem,
395 1629 546 1702 tamquam
569 1621 601 1681 in
620 1622 685 1680 eius
707 1622 798 1681 unius
816 1639 906 1682 manu
924 1638 982 1699 pax
1000 1620 1131 1683 Romana
1142 1619 1252 1683 bel-15

193 1710 314 1791 lumque
333 1719 421 1791 esset,
440 1709 476 1771 ab
491 1708 637 1771 Antiocho
656 1707 778 1772 cultum.
802 1709 979 1771 dictatorem
997 1729 1066 1770 eum
1084 1709 1210 1790 consuli,

194 1819 254 1862 uon
273 1799 403 1879 legatum
421 1801 452 1860 iu
471 1800 627 1878 prouincia
652 1799 744 1859 luisse
763 1815 820 1860 nee
838 1798 875 1859 ad
899 1798 985 1860 aliam
1004 1817 1068 1860 rem
1086 1817 1123 1860 eo
1141 1817 1210 1878 pro·
1316 1811 1317 1830 ¹

88 1924 93 1933 ·
195 1889 316 1971 lectum,
331 1907 419 1969 quam
438 1896 480 1969 ut,
494 1887 525 1949 id
541 1887 621 1967 quod
635 1886 804 1969 Hispaniae,
818 1887 936 1969 Galliae,
952 1887 1079 1969 Siciliae,
1092 1887 1209 1949 Africae

194 1981 253 2040 iam
281 1976 398 2057 pridem
424 1995 602 2057 persuasum
634 1985 726 2058 esset,
753 1977 810 2038 boc
839 1977 980 2038 Graeciae
1007 1979 1152 2057 Asiaeque
1180 1984 1210 2039 et

196 2067 333 2129 omuibus
353 2066 389 2127 ad
407 2069 553 2128 orientem
572 2068 670 2127 uersis
688 2065 810 2145 regibus
828 2065 1028 2147 gentibusque
1045 2066 1211 2146 adpareret,
1226 2089 1254 2128 ao
1317 2121 1318 2124 ,

195 2175 289 2218 ιιιιιιιιι
316 2151 467 2217 bominem
494 2163 584 2233 caput
611 2154 808 2235 columenque
836 2158 955 2236 imperii
982 2154 1107 2217 Romani
1136 2174 1211 2237 esse,

196 2245 252 2306 sub
279 2242 384 2305 umbra
413 2244 562 2324 Scipionis
589 2246 742 2306 ciuitatem
770 2244 918 2305 dominam
949 2243 1030 2306 orbis
1062 2253 1211 2306 terrarum

195 2333 297 2409 latere,
320 2341 427 2394 nutum
451 2335 515 2395 eius
538 2351 593 2412 pro
615 2334 744 2395 decretis
766 2343 895 2415 patrum,
917 2351 972 2413 pro
994 2333 1098 2413 populi
1120 2335 1211 2394 iussis

196 2440 271 2483 esse.
301 2422 422 2482 iufamia
445 2425 590 2483 intactum
612 2422 735 2505 inuidia,
758 2441 816 2502 qua
839 2429 978 2502 possunt,
1002 2430 1119 2501 urgent.
1147 2440 1211 2483 ora·

161 2509 330 2573 dtiouibus
360 2513 391 2572 in
419 2521 538 2573 noctem
564 2511 718 2590 perductis
745 2510 882 2590 prodicta
908 2509 972 2571 dies
1002 2519 1057 2572 est
1094 2510 1150 2572 Vbi
1177 2529 1213 2572 ea
1227 2535 1255 2576 ee

197 2602 294 2682 uenit,
317 2600 432 2662 tribuni
459 2603 491 2661 iu
514 2602 621 2662 rostris
643 2603 739 2680 prima
766 2599 833 2661 luce
857 2598 1065 2661 consederunt
1102 2602 1212 2660 citatus

197 2708 268 2751 reus
296 2707 401 2770 magno
430 2692 546 2769 agmine
574 2693 737 2751 amicorum
766 2688 978 2767 clientiumque
1006 2705 1061 2767 per
1084 2688 1212 2749 mediam

198 2781 368 2840 contionem
395 2778 431 2840 ad
460 2787 558 2840 rostra
581 2778 674 2840 subiit
701 2776 878 2856 silentioque
910 2776 987 2837 lacto
1012 2771 1091 2837 ‘boc'
1115 2779 1213 2857 inquit

198 2863 271 2949 ‘die,
304 2867 418 2930 tribuni
445 2866 541 2946 plebis
572 2885 687 2948 uosque
715 2865 860 2946 QuiriteS,
890 2883 959 2927 cum
986 2865 1149 2928 Hannibale
1183 2874 1213 2928 et

198 2955 492 3037 Carthaginiensibus
515 2959 608 3036 siguis
627 2955 753 3016 conlatis
770 2956 802 3014 iu
822 2953 921 3015 Africa
939 2953 1015 3016 bene
1034 2974 1068 3016 ac
1087 2955 1215 3018 feliciter
1225 2979 1255 3022 ao

198 3049 338 3126 pugnaui.
369 3048 470 3126 itaque
498 3064 567 3107 cum
593 3044 682 3106 bodie
709 3042 813 3104 litibus
836 3052 866 3104 et
894 3045 1000 3124 iurgiis
1024 3045 1215 3124 supersederi

199 3153 327 3216 aequum
355 3137 407 3216 sit,
435 3153 489 3214 ego
516 3136 586 3195 binc
614 3131 761 3211 extemplo
789 3134 821 3193 iu
845 3132 1022 3212 Capitolium
1049 3135 1086 3194 ad
1113 3134 1215 3196 louem

199 3226 344 3304 optimum
371 3226 532 3285 maximum
560 3221 763 3301 Iunonemque
791 3230 821 3283 et
844 3221 1010 3285 Mineruam
1037 3231 1214 3304 ceterosque

199 3313 285 3393 deos,
314 3315 366 3392 qui
389 3312 533 3392 Capitolio
562 3320 650 3392 atque
674 3313 737 3373 arei
759 3312 943 3393 praesident,
972 3311 1142 3374 salutandos
1164 3312 1214 3373 ibo

200 3401 307 3480 bisque
331 3404 439 3480 gratias
463 3419 556 3481 agam,
580 3401 660 3480 quod
684 3401 757 3461 mibi
779 3409 810 3462 et
831 3400 889 3463 boc
912 3403 978 3481 ipso
1000 3400 1049 3462 die
1073 3411 1103 3463 et
1126 3421 1214 3483 saepe
1228 3425 1258 3466 aa

201 3489 272 3552 alias
296 3494 414 3570 egregie
437 3488 584 3570 gerendae
603 3491 649 3550 rei
670 3489 807 3569 publicae
830 3498 960 3551 mentem
985 3489 1215 3572 facultatemque

201 3579 356 3643 dederuut.
380 3587 516 3641 uestrum
535 3596 653 3659 quoque
674 3577 783 3658 quibus
797 3578 985 3640 commodum
1004 3588 1059 3661 est,
1075 3579 1216 3663 Quirites,
