2670 4058
189 189 253 256 162
320 215 324 220 ·
488 166 677 246 'vannum
695 189 868 246 nurnrrs

187 340 327 401 militaria
363 347 485 402 eentum
516 341 625 418 uiginti
657 347 815 421 quattuor‚·
834 357 940 419 ,equos
975 339 1057 402 mille
1094 340 1204 404 ducen-

187 438 233 491 tos
266 430 401 510 triginta,
438 436 578 509 carpenta
611 429 739 491 ducenta
779 428 974 509 quadraginta
1006 436 1135 512 septem,
1167 449 1204 492 ex

187 517 355 580 uictoribus
381 517 461 579 mille
493 518 727 599 quadringentos
763 519 913 598 octoginta
950 527 1090 598 quattuor
1127 522 1203 584 ceci·

187 606 276 669 disse.
315 606 367 668 ubi
395 615 428 669 ut
455 609 487 669 in
514 625 639 668 numero
664 609 806 686 scriptori
826 625 933 686 parum
955 607 1026 669 fidei
1053 609 1106 692 sit,
1133 611 1204 690 quia

185 699 218 757 in
236 696 371 775 augendo
390 715 425 757 eo
444 714 504 757 non
523 695 599 758 alius
617 698 863 777 intemperantior
881 703 937 778 est,
949 714 1086 776 magnam
1104 705 1203 760 tanmn
1218 723 1234 763 5
1315 755 1316 780 p

186 786 343 848 uictoriam
361 785 454 848 luisse
470 785 602 866 adparet,
622 786 701 865 quod
724 793 755 847 et
777 792 873 848 eastra
896 793 983 866 capta
1006 796 1077 848 sunt
1099 795 1130 848 et
1150 786 1205 850 Boi

185 882 254 953 post
272 892 336 936 enm
354 893 484 956 pugnam
502 875 651 955 extemplo
674 874 853 937 dediderunt
876 893 954 955 sese,
978 883 1009 936 et
1032 877 1112 956 quod
1135 894 1203 956 sup·

185 963 305 1043 plicatio
325 965 390 1026 eius
408 965 552 1026 uictoriae
572 982 661 1026 causa
679 964 800 1026 decreta
819 963 855 1025 ab
874 972 980 1038 senatu
1002 967 1203 1045 uictimaeque
1315 1047 1316 1050 Ἴ

125 1095 176 1145 189
185 1054 314 1114 maiores
337 1071 449 1115 caesae.

122 1165 177 1235 ff
276 1146 336 1213 42.
359 1151 428 1214 Lito.
445 1151 613 1212 XXXVII
627 1151 671 1212 48
707 1151 744 1212 Μ.
769 1152 877 1214 Fuluio
908 1150 1059 1214 Nobiliore
1092 1161 1123 1214 et
1149 1152 1201 1216 Cn·
1217 1177 1247 1217 ιο

185 1240 294 1302 blanlio
309 1239 435 1303 Volsone
454 1238 629 1301 consulibus
642 1239 778 1303 Valerius
791 1241 894 1302 Antias
913 1249 1018 1303 auctor
1036 1251 1082 1304 est
1103 1261 1201 1304 cumo

185 1349 249 1391 rem
273 1329 422 1392 celebrem
444 1327 554 1390 Romae
577 1329 670 1390 luisse
694 1337 729 1405 et
751 1349 845 1411 paene
867 1348 923 1410 pro
947 1339 1030 1392 certo
1058 1331 1202 1413 habitum,

185 1418 351 1499 recipiendi
370 1419 519 1498 Scipionis
538 1417 738 1480 adulescentis
756 1438 847 1481 causa
865 1419 1019 1483 consulem
1037 1419 1069 1482 L.
1089 1419 1220 1501 Scipio,

186 1525 255 1569 nem
273 1516 390 1569 etcum
409 1526 445 1568 eo
462 1507 496 1569 P.
511 1508 684 1568 Africanum
702 1510 733 1568 in
752 1508 943 1588 conloquium
962 1517 1102 1572 euocatos
1120 1511 1201 1589 regis

188 1595 357 1674 [Antiocho]
382 1606 412 1659 et
434 1598 517 1676 ipsos
539 1596 771 1677 comprehensos
795 1616 874 1679 esse,
902 1606 934 1660 et
956 1597 1083 1661 ducibus
1106 1601 1201 1680 captis
1215 1622 1243 1664 ιε

185 1685 342 1746 confestim
367 1685 402 1747 ad
427 1693 524 1746 castra
546 1683 678 1748 Romana
701 1685 866 1748 exercitum
889 1688 1012 1750 ductum
1036 1705 1129 1768 eaque
1152 1706 1201 1750 ex·

184 1781 314 1854 pugnata
338 1782 368 1835 et
386 1774 499 1836 deletas
518 1776 615 1836 omnis
633 1777 734 1855 copias
753 1775 953 1839 Romanorum
972 1795 1047 1838 esse.
1071 1776 1109 1838 ob
1127 1777 1200 1839 baec

185 1863 304 1925 Aetolos
324 1863 481 1926 sustulisse
500 1865 614 1924 animos
633 1871 663 1926 et
682 1863 822 1927 abnuisse
840 1868 985 1945 imperata
998 1867 1106 1947 lacere,
1119 1867 1200 1945 prin·

162 1999 163 2003 ,
185 1955 327 2032 cipesque
346 1971 450 2015 eorum
468 1954 499 2013 in
514 1952 714 2014 Macedoniam
734 1963 765 2016 et
782 1957 814 2016 in
827 1953 979 2017 Dardanos
998 1963 1029 2017 et
1046 1957 1076 2018 in
1091 1955 1200 2017 Thrae·

185 2044 261 2104 ciam
285 2043 320 2104 ad
344 2041 538 2104 conducenda
560 2042 698 2104 mercede
722 2043 830 2105 auxilia
852 2046 1011 2124 proiectos.
1047 2045 1120 2106 haee
1149 2046 1243 2124 quim

185 2132 359 2192 nuntiarent
377 2131 510 2207 Romam,
528 2131 561 2192 A.
575 2131 749 2195 Terentium
763 2133 925 2196 Varronem
945 2142 975 2196 et
992 2133 1030 2196 M.
1045 2133 1201 2196 Claudium
1219 2205 1225 2218 ,

184 2218 330 2299 Lepidum
350 2218 386 2280 ab
401 2219 433 2279 A.
448 2217 585 2280 Cornelio
605 2230 799 2300 propraetore
818 2241 854 2284 es
868 2222 981 2284 Aetolia
998 2225 1106 2284 missos
1125 2241 1201 2284 esse.
1316 2289 1317 2298 χ

186 2306 317 2369 subtexit
331 2307 438 2369 deinde
453 2307 568 2370 labulae
587 2308 666 2392 huic,
684 2310 797 2390 legatos
810 2312 930 2375 Aetolos
948 2314 979 2373 in
998 2319 1103 2373 senatu
1122 2313 1201 2373 inter
1316 2321 1317 2326 ’

185 2403 284 2458 catera
307 2396 364 2458 boc
388 2415 506 2477 quoque
529 2400 728 2480 interrogatos
751 2419 831 2482 esse,
858 2401 937 2464 unde
966 2400 1119 2462 audissent
1145 2403 1200 2461 lm-

185 2492 339 2564 peratores
367 2485 515 2548 Romanos
544 2489 576 2548 in
604 2490 673 2550 Asia
701 2500 803 2569 captos
831 2489 867 2551 ab
894 2489 1041 2552 Antiocho
1071 2507 1142 2568 rege
1171 2496 1201 2550 et
1215 2511 1243 2554 sc

185 2577 350 2636 exercitum
370 2575 500 2637 deletum
519 2595 599 2659 esse;
613 2578 733 2640 Aetolos
752 2578 942 2658 respondisse
961 2577 997 2638 ab
1017 2580 1080 2638 suis
1096 2577 1201 2656 legatis

186 2682 228 2745 se,
243 2666 294 2744 qui
312 2682 381 2726 cum
400 2665 523 2727 consule
540 2666 662 2750 suerint,
677 2671 821 2729 certiores
839 2668 941 2728 factos.
967 2667 1097 2726 rumoris
1110 2665 1201 2726 buius

187 2754 256 2833 qula
279 2756 429 2816 neminem
452 2754 543 2816 alium
566 2765 719 2819 auctorem
738 2755 841 2835 habeo,
864 2772 961 2833 neque
979 2753 1134 2813 adfirmata
1150 2771 1200 2814 res

123 2891 175 2942 189
185 2859 251 2903 mea
273 2845 413 2923 opinione
436 2846 475 2906 sit
498 2863 553 2906 nec
577 2865 632 2924 pro
656 2863 732 2907 uana
754 2845 972 2924 praetermissa.

121 2963 176 3032 '5‘5’5
274 2942 334 3011 43.
349 2950 416 3012 diu.
430 2952 530 3012 XXX
535 2951 599 3012 VII
610 2952 664 3031 60,
679 2951 700 3010 2
718 2947 866 3028 Cogitanti
879 2948 913 3020 Q.
923 2947 1014 3010 Fabio
1030 2947 1198 3028 [praetori]
1214 2973 1242 3017 co

184 3040 234 3099 cui
247 3041 292 3099 rei
302 3041 489 3117 potissimum
500 3042 661 3119 insisteret,
671 3057 708 3099 ne
723 3039 847 3098 otiosam
860 3039 1047 3119 prouinciam
1060 3038 1200 3100 babuisse

182 3126 281 3188 uideri
294 3136 404 3208 posset,
419 3131 564 3208 optimum
578 3130 677 3189 uisum
691 3133 737 3188 est
750 3127 781 3187 in
793 3125 911 3189 Cretam
924 3127 1050 3189 insulam
1064 3129 1200 3190 traicere.

183 3213 361 3294 Cydoniatae
380 3217 491 3280 bellum
510 3216 655 3278 aduersus
670 3215 828 3296 Gortynios
843 3216 1029 3297 Gnosiosque
1047 3217 1200 3300 gerebant,

184 3311 214 3364 et
243 3307 430 3384 captiuorum
458 3306 659 3367 Romanorum
690 3313 779 3390 atque
806 3304 901 3368 ltalici
928 3308 1047 3387 generis
1074 3323 1199 3386 magnus

118 3421 124 3436 ⁴·
184 3409 328 3455 numerus
355 3397 387 3458 in
415 3397 560 3457 seruitute
588 3413 655 3456 esse
683 3413 738 3473 per
766 3402 858 3456 totam
884 3395 1012 3458 insulam
1035 3394 1198 3457 dicebatur.
1213 3419 1242 3460 es

184 3481 278 3544 classe
293 3483 329 3545 ab
344 3483 461 3564 Epheso
476 3484 629 3564 proiectus
649 3503 718 3546 oum
736 3487 865 3565 primum
879 3484 984 3548 Cretae
1003 3485 1074 3547 litus
1094 3486 1198 3567 attigit,

182 3574 304 3635 nuntios
324 3576 403 3636 circa
423 3573 560 3636 ciuitates
578 3575 670 3656 misit,
686 3584 722 3636 ut
740 3576 831 3636 armis
853 3574 1033 3637 absisterent
1052 3577 1198 3655 captiuos·
