<?xml version="1.0" encoding="UTF-8"?>
<!DOCTYPE html PUBLIC "-//W3C//DTD XHTML 1.0 Transitional//EN"
    "http://www.w3.org/TR/xhtml1/DTD/xhtml1-transitional.dtd">
<html xmlns="http://www.w3.org/1999/xhtml" xml:lang="en" lang="en">
 <head>
  <title>
</title>
<meta http-equiv="Content-Type" content="text/html;charset=utf-8" />
  <meta name='ocr-system' content='tesseract 3.04.00' />
  <meta name='ocr-capabilities' content='ocr_page ocr_carea ocr_par ocr_line ocrx_word'/>
</head>
<body>
  <div class='ocr_page' id='page_1' title='image "./historicorumrom02petegoog_0295.png"; bbox 0 0 2620 4054; ppageno 0'>
   <div class='ocr_carea' id='block_1_1' title="bbox 193 231 1137 301">
    <p class='ocr_par' dir='ltr' id='par_1_1' title="bbox 193 231 1137 301">
     <span class='ocr_line' id='line_1_1' title="bbox 193 231 1137 301; baseline -0.013 0"><span class='ocrx_word' id='word_1_1' title='bbox 193 236 258 301; x_wconf 81' lang='lat'><strong>268</strong></span> <span class='ocrx_word' id='word_1_2' title='bbox 349 234 480 291; x_wconf 83' lang='lat' dir='ltr'><strong>OCTAV.</strong></span> <span class='ocrx_word' id='word_1_3' title='bbox 495 233 599 290; x_wconf 80' lang='lat' dir='ltr'><strong>RVSO.</strong></span> <span class='ocrx_word' id='word_1_4' title='bbox 628 231 778 288; x_wconf 78' lang='lat' dir='ltr'><strong>ocnavn</strong></span> <span class='ocrx_word' id='word_1_5' title='bbox 796 231 921 288; x_wconf 81' lang='lat' dir='ltr'><strong>MVSAE</strong></span> <span class='ocrx_word' id='word_1_6' title='bbox 949 232 1051 288; x_wconf 81' lang='lat' dir='ltr'>TEST.</span> <span class='ocrx_word' id='word_1_7' title='bbox 1059 239 1137 289; x_wconf 84' lang='grc'><strong>1-3.</strong></span> 
     </span>
    </p>
   </div>
   <div class='ocr_carea' id='block_1_2' title="bbox 470 483 931 572">
    <p class='ocr_par' dir='ltr' id='par_1_2' title="bbox 470 483 931 572">
     <span class='ocr_line' id='line_1_2' title="bbox 470 483 931 572; baseline -0.004 -2"><span class='ocrx_word' id='word_1_8' title='bbox 470 483 753 572; x_wconf 73' lang='lat' dir='ltr'>OCTAVIVS</span> <span class='ocrx_word' id='word_1_9' title='bbox 785 483 931 570; x_wconf 86' lang='lat' dir='ltr'><strong>RVSO</strong></span> 
     </span>
    </p>
   </div>
   <div class='ocr_carea' id='block_1_3' title="bbox 572 631 831 696">
    <p class='ocr_par' dir='ltr' id='par_1_3' title="bbox 572 631 831 696">
     <span class='ocr_line' id='line_1_3' title="bbox 572 631 831 696; baseline -0.012 -7"><span class='ocrx_word' id='word_1_10' title='bbox 572 631 831 696; x_wconf 77' lang='lat' dir='ltr'>TESTIMONIVM</span> 
     </span>
    </p>
   </div>
   <div class='ocr_carea' id='block_1_4' title="bbox 159 744 1244 1452">
    <p class='ocr_par' dir='ltr' id='par_1_4' title="bbox 159 744 1244 1452">
     <span class='ocr_line' id='line_1_4' title="bbox 159 744 1216 828; baseline -0.004 -18"><span class='ocrx_word' id='word_1_11' title='bbox 159 744 188 812; x_wconf 89' lang='lat' dir='ltr'><strong>l.</strong></span> <span class='ocrx_word' id='word_1_12' title='bbox 212 749 287 810; x_wconf 86' lang='lat' dir='ltr'><strong>Hor.</strong></span> <span class='ocrx_word' id='word_1_13' title='bbox 299 756 356 810; x_wconf 84' lang='lat' dir='ltr'><strong>sat.</strong></span> <span class='ocrx_word' id='word_1_14' title='bbox 371 751 392 811; x_wconf 95' lang='grc' dir='ltr'><em>Ι</em></span> <span class='ocrx_word' id='word_1_15' title='bbox 405 749 435 828; x_wconf 89' lang='lat'><strong>3,</strong></span> <span class='ocrx_word' id='word_1_16' title='bbox 448 748 495 810; x_wconf 83' lang='grc'><strong>86</strong></span> <span class='ocrx_word' id='word_1_17' title='bbox 512 747 588 826; x_wconf 85' lang='lat' dir='ltr'><strong>[scr.</strong></span> <span class='ocrx_word' id='word_1_18' title='bbox 606 767 635 811; x_wconf 89' lang='grc' dir='ltr'><strong>α.</strong></span> <span class='ocrx_word' id='word_1_19' title='bbox 650 748 721 824; x_wconf 84' lang='lat' dir='ltr'><strong>fere</strong></span> <span class='ocrx_word' id='word_1_20' title='bbox 738 748 793 808; x_wconf 84' lang='lat'><strong>37.</strong></span> <span class='ocrx_word' id='word_1_21' title='bbox 814 745 892 824; x_wconf 89' lang='grc'><strong><em>717]</em></strong></span> <span class='ocrx_word' id='word_1_22' title='bbox 917 745 1015 807; x_wconf 80' lang='lat' dir='ltr'><strong>Odisti</strong></span> <span class='ocrx_word' id='word_1_23' title='bbox 1032 753 1063 806; x_wconf 90' lang='lat' dir='ltr'><strong>et</strong></span> <span class='ocrx_word' id='word_1_24' title='bbox 1081 745 1161 824; x_wconf 81' lang='lat' dir='ltr'><strong>fugis</strong></span> <span class='ocrx_word' id='word_1_25' title='bbox 1180 755 1216 806; x_wconf 91' lang='lat' dir='ltr'><strong>nt</strong></span> 
     </span>
     <span class='ocr_line' id='line_1_5' title="bbox 195 837 1214 918; baseline -0.002 -20"><span class='ocrx_word' id='word_1_26' title='bbox 195 837 346 898; x_wconf 79' lang='lat' dir='ltr'><strong>Rusonem</strong></span> <span class='ocrx_word' id='word_1_27' title='bbox 365 837 483 900; x_wconf 90' lang='lat' dir='ltr'><strong>debitor</strong></span> <span class='ocrx_word' id='word_1_28' title='bbox 501 840 588 917; x_wconf 87' lang='lat' dir='ltr'><strong>aeris,</strong></span> <span class='ocrx_word' id='word_1_29' title='bbox 606 839 659 916; x_wconf 89' lang='lat' dir='ltr'><strong>qui</strong></span> <span class='ocrx_word' id='word_1_30' title='bbox 676 839 744 918; x_wconf 80' lang='lat' dir='ltr'><strong>nisi,</strong></span> <span class='ocrx_word' id='word_1_31' title='bbox 763 854 832 897; x_wconf 89' lang='lat' dir='ltr'><strong>cum</strong></span> <span class='ocrx_word' id='word_1_32' title='bbox 850 837 953 896; x_wconf 77' lang='lat' dir='ltr'>tristes</span> <span class='ocrx_word' id='word_1_33' title='bbox 971 837 1081 895; x_wconf 89' lang='lat' dir='ltr'><strong>misero</strong></span> <span class='ocrx_word' id='word_1_34' title='bbox 1100 852 1214 896; x_wconf 90' lang='lat' dir='ltr'><strong>uenere</strong></span> 
     </span>
     <span class='ocr_line' id='line_1_6' title="bbox 194 924 1214 1008; baseline -0.002 -22"><span class='ocrx_word' id='word_1_35' title='bbox 194 925 346 1008; x_wconf 81' lang='lat' dir='ltr'>kalendae,</span> <span class='ocrx_word' id='word_1_36' title='bbox 361 926 529 988; x_wconf 83' lang='lat' dir='ltr'><strong>mercedem</strong></span> <span class='ocrx_word' id='word_1_37' title='bbox 547 934 599 987; x_wconf 92' lang='lat' dir='ltr'><strong>ant</strong></span> <span class='ocrx_word' id='word_1_38' title='bbox 612 943 749 986; x_wconf 90' lang='lat' dir='ltr'><strong>nummos</strong></span> <span class='ocrx_word' id='word_1_39' title='bbox 763 925 844 986; x_wconf 92' lang='lat' dir='ltr'><strong>unde</strong></span> <span class='ocrx_word' id='word_1_40' title='bbox 858 924 938 985; x_wconf 92' lang='lat' dir='ltr'><strong>unde</strong></span> <span class='ocrx_word' id='word_1_41' title='bbox 953 926 1087 1006; x_wconf 73' lang='lat' dir='ltr'><strong>extricat,</strong></span> <span class='ocrx_word' id='word_1_42' title='bbox 1098 942 1214 985; x_wconf 88' lang='lat' dir='ltr'><strong>amaras</strong></span> 
     </span>
     <span class='ocr_line' id='line_1_7' title="bbox 195 1013 1214 1095; baseline -0.002 -19"><span class='ocrx_word' id='word_1_43' title='bbox 195 1024 335 1094; x_wconf 90' lang='lat' dir='ltr'><strong>porrecto</strong></span> <span class='ocrx_word' id='word_1_44' title='bbox 355 1014 459 1095; x_wconf 85' lang='lat' dir='ltr'><strong>iugulo</strong></span> <span class='ocrx_word' id='word_1_45' title='bbox 481 1015 622 1077; x_wconf 82' lang='lat' dir='ltr'>historias</span> <span class='ocrx_word' id='word_1_46' title='bbox 645 1017 783 1093; x_wconf 87' lang='lat' dir='ltr'><strong>captiuus</strong></span> <span class='ocrx_word' id='word_1_47' title='bbox 806 1022 840 1074; x_wconf 90' lang='lat' dir='ltr'><strong>ut</strong></span> <span class='ocrx_word' id='word_1_48' title='bbox 862 1013 955 1074; x_wconf 87' lang='lat' dir='ltr'><strong>audit</strong></span> <span class='ocrx_word' id='word_1_49' title='bbox 984 1015 1035 1074; x_wconf 77' lang='lat' dir='ltr'><strong>Ad</strong></span> <span class='ocrx_word' id='word_1_50' title='bbox 1050 1032 1078 1089; x_wconf 83' lang='lat' dir='ltr'><strong>q.</strong></span> <span class='ocrx_word' id='word_1_51' title='bbox 1097 1017 1116 1074; x_wconf 90' lang='lat' dir='ltr'><strong>l.</strong></span> <span class='ocrx_word' id='word_1_52' title='bbox 1134 1015 1214 1074; x_wconf 83' lang='lat' dir='ltr'><strong>baec</strong></span> 
     </span>
     <span class='ocr_line' id='line_1_8' title="bbox 195 1101 1244 1183; baseline -0.005 -17"><span class='ocrx_word' id='word_1_53' title='bbox 195 1105 363 1182; x_wconf 61' lang='lat' dir='ltr'><strong>Porphyra</strong></span> <span class='ocrx_word' id='word_1_54' title='bbox 385 1104 528 1166; x_wconf 80' lang='lat' dir='ltr'><strong>Octauius</strong></span> <span class='ocrx_word' id='word_1_55' title='bbox 546 1104 628 1165; x_wconf 84' lang='lat' dir='ltr'><strong>Ruso</strong></span> <span class='ocrx_word' id='word_1_56' title='bbox 647 1103 774 1164; x_wconf 90' lang='lat' dir='ltr'><strong>acerbus</strong></span> <span class='ocrx_word' id='word_1_57' title='bbox 794 1103 943 1164; x_wconf 78' lang='lat' dir='ltr'><strong>fenerator</strong></span> <span class='ocrx_word' id='word_1_58' title='bbox 962 1102 1054 1163; x_wconf 84' lang='lat' dir='ltr'><strong>inisse</strong></span> <span class='ocrx_word' id='word_1_59' title='bbox 1074 1101 1244 1183; x_wconf 59' lang='lat' dir='ltr'><strong>tradimus</strong></span> 
     </span>
     <span class='ocr_line' id='line_1_9' title="bbox 195 1191 1214 1274; baseline -0.003 -20"><span class='ocrx_word' id='word_1_60' title='bbox 195 1194 275 1254; x_wconf 91' lang='lat' dir='ltr'><strong>idem</strong></span> <span class='ocrx_word' id='word_1_61' title='bbox 290 1195 437 1273; x_wconf 74' lang='lat' dir='ltr'><strong>“scriptor</strong></span> <span class='ocrx_word' id='word_1_62' title='bbox 467 1193 674 1274; x_wconf 79' lang='lat' dir='ltr'><strong>historiarum,</strong></span> <span class='ocrx_word' id='word_1_63' title='bbox 706 1193 743 1253; x_wconf 93' lang='lat' dir='ltr'><strong>ad</strong></span> <span class='ocrx_word' id='word_1_64' title='bbox 771 1210 845 1271; x_wconf 88' lang='lat' dir='ltr'><strong>quas</strong></span> <span class='ocrx_word' id='word_1_65' title='bbox 873 1191 1034 1253; x_wconf 89' lang='lat' dir='ltr'><strong>audiendas</strong></span> <span class='ocrx_word' id='word_1_66' title='bbox 1066 1191 1214 1270; x_wconf 82' lang='lat' dir='ltr'><strong>significat</strong></span> 
     </span>
     <span class='ocr_line' id='line_1_10' title="bbox 195 1279 1214 1362; baseline -0.002 -20"><span class='ocrx_word' id='word_1_67' title='bbox 195 1282 316 1344; x_wconf 91' lang='lat' dir='ltr'><strong>solitum</strong></span> <span class='ocrx_word' id='word_1_68' title='bbox 339 1283 432 1344; x_wconf 80' lang='lat' dir='ltr'><strong>tuisse</strong></span> <span class='ocrx_word' id='word_1_69' title='bbox 456 1300 563 1362; x_wconf 78' lang='lat' dir='ltr'><strong>cogere</strong></span> <span class='ocrx_word' id='word_1_70' title='bbox 586 1280 737 1342; x_wconf 86' lang='lat' dir='ltr'><strong>debitores</strong></span> <span class='ocrx_word' id='word_1_71' title='bbox 761 1298 845 1362; x_wconf 87' lang='lat' dir='ltr'><strong>suos,</strong></span> <span class='ocrx_word' id='word_1_72' title='bbox 868 1279 978 1360; x_wconf 85' lang='lat' dir='ltr'><strong>quibus</strong></span> <span class='ocrx_word' id='word_1_73' title='bbox 1005 1279 1121 1341; x_wconf 91' lang='lat' dir='ltr'><strong>scilicet</strong></span> <span class='ocrx_word' id='word_1_74' title='bbox 1143 1279 1214 1340; x_wconf 88' lang='lat' dir='ltr'><strong>talia</strong></span> 
     </span>
     <span class='ocr_line' id='line_1_11' title="bbox 196 1372 709 1452; baseline -0.002 -19"><span class='ocrx_word' id='word_1_75' title='bbox 196 1372 299 1433; x_wconf 88' lang='lat' dir='ltr'><strong>andire</strong></span> <span class='ocrx_word' id='word_1_76' title='bbox 321 1390 417 1452; x_wconf 89' lang='lat' dir='ltr'><strong>poena</strong></span> <span class='ocrx_word' id='word_1_77' title='bbox 439 1373 614 1451; x_wconf 80' lang='lat' dir='ltr'><strong>grauissima</strong></span> <span class='ocrx_word' id='word_1_78' title='bbox 637 1379 709 1432; x_wconf 84' lang='lat' dir='ltr'><strong>erat</strong></span> 
     </span>
    </p>
   </div>
   <div class='ocr_carea' id='block_1_5' title="bbox 469 1568 937 1657">
    <p class='ocr_par' dir='ltr' id='par_1_5' title="bbox 469 1568 937 1657">
     <span class='ocr_line' id='line_1_12' title="bbox 469 1568 937 1657; baseline -0.002 -1"><span class='ocrx_word' id='word_1_79' title='bbox 469 1569 751 1657; x_wconf 73' lang='lat' dir='ltr'><strong>OCTAVIVS</strong></span> <span class='ocrx_word' id='word_1_80' title='bbox 782 1568 937 1656; x_wconf 79' lang='lat' dir='ltr'><strong>MVSA</strong></span> 
     </span>
    </p>
   </div>
   <div class='ocr_carea' id='block_1_6' title="bbox 594 1718 821 1774">
    <p class='ocr_par' dir='ltr' id='par_1_6' title="bbox 594 1718 821 1774">
     <span class='ocr_line' id='line_1_13' title="bbox 594 1718 821 1774; baseline 0 -2"><span class='ocrx_word' id='word_1_81' title='bbox 594 1718 821 1774; x_wconf 81' lang='lat' dir='ltr'>TESTIMONIA</span> 
     </span>
    </p>
   </div>
   <div class='ocr_carea' id='block_1_7' title="bbox 163 1827 1293 3691">
    <p class='ocr_par' dir='ltr' id='par_1_7' title="bbox 163 1827 1293 2893">
     <span class='ocr_line' id='line_1_14' title="bbox 163 1827 1214 1914; baseline -0.003 -21"><span class='ocrx_word' id='word_1_82' title='bbox 163 1827 196 1895; x_wconf 93' lang='lat' dir='ltr'><strong>l.</strong></span> <span class='ocrx_word' id='word_1_83' title='bbox 227 1833 337 1909; x_wconf 69' lang='lat' dir='ltr'><strong>Verot&#39;l.</strong></span> <span class='ocrx_word' id='word_1_84' title='bbox 360 1832 612 1912; x_wconf 77' lang='lat' dir='ltr'><strong>Catalcct.14,1</strong></span> <span class='ocrx_word' id='word_1_85' title='bbox 649 1831 722 1902; x_wconf 86' lang='lat' dir='ltr'><strong>Quis</strong></span> <span class='ocrx_word' id='word_1_86' title='bbox 745 1833 833 1914; x_wconf 89' lang='lat' dir='ltr'><strong>deus,</strong></span> <span class='ocrx_word' id='word_1_87' title='bbox 856 1831 975 1914; x_wconf 86' lang='lat' dir='ltr'><strong>Octaui,</strong></span> <span class='ocrx_word' id='word_1_88' title='bbox 1001 1841 1030 1894; x_wconf 89' lang='lat' dir='ltr'><strong>te</strong></span> <span class='ocrx_word' id='word_1_89' title='bbox 1054 1831 1140 1893; x_wconf 91' lang='lat' dir='ltr'><strong>nobis</strong></span> <span class='ocrx_word' id='word_1_90' title='bbox 1164 1829 1214 1890; x_wconf 90' lang='lat' dir='ltr'><strong>ab·</strong></span> 
     </span>
     <span class='ocr_line' id='line_1_15' title="bbox 198 1917 1257 2002; baseline -0.003 -20"><span class='ocrx_word' id='word_1_91' title='bbox 198 1917 303 1983; x_wconf 82' lang='lat' dir='ltr'><strong>stulit?</strong></span> <span class='ocrx_word' id='word_1_92' title='bbox 317 1940 354 1982; x_wconf 90' lang='lat' dir='ltr'><strong>an</strong></span> <span class='ocrx_word' id='word_1_93' title='bbox 369 1939 444 2000; x_wconf 88' lang='lat' dir='ltr'><strong>quae</strong></span> <span class='ocrx_word' id='word_1_94' title='bbox 455 1921 568 2001; x_wconf 87' lang='lat' dir='ltr'><strong>dicunt,</strong></span> <span class='ocrx_word' id='word_1_95' title='bbox 582 1940 608 2002; x_wconf 82' lang='lat' dir='ltr'><strong>a,</strong></span> <span class='ocrx_word' id='word_1_96' title='bbox 617 1923 709 1981; x_wconf 92' lang='lat' dir='ltr'><strong>nimio</strong></span> <span class='ocrx_word' id='word_1_97' title='bbox 722 1921 828 2002; x_wconf 87' lang='lat' dir='ltr'><strong>pocula</strong></span> <span class='ocrx_word' id='word_1_98' title='bbox 842 1921 931 1983; x_wconf 88' lang='lat' dir='ltr'><strong>ducta</strong></span> <span class='ocrx_word' id='word_1_99' title='bbox 941 1917 1212 1999; x_wconf 73' lang='lat' dir='ltr'><strong>meroV-scripta</strong></span> <span class='ocrx_word' id='word_1_100' title='bbox 1229 1936 1257 1975; x_wconf 81' lang='grc' dir='ltr'><strong>ιο</strong></span> 
     </span>
     <span class='ocr_line' id='line_1_16' title="bbox 198 2007 1214 2090; baseline -0.003 -19"><span class='ocrx_word' id='word_1_101' title='bbox 198 2011 318 2090; x_wconf 90' lang='lat' dir='ltr'><strong>quidem</strong></span> <span class='ocrx_word' id='word_1_102' title='bbox 346 2017 397 2070; x_wconf 92' lang='lat' dir='ltr'><strong>tna</strong></span> <span class='ocrx_word' id='word_1_103' title='bbox 428 2027 482 2070; x_wconf 89' lang='lat' dir='ltr'><strong>nos</strong></span> <span class='ocrx_word' id='word_1_104' title='bbox 505 2009 632 2071; x_wconf 87' lang='lat' dir='ltr'><strong>multum</strong></span> <span class='ocrx_word' id='word_1_105' title='bbox 657 2010 832 2072; x_wconf 84' lang='lat' dir='ltr'><strong>mirabimur</strong></span> <span class='ocrx_word' id='word_1_106' title='bbox 855 2020 886 2072; x_wconf 91' lang='lat' dir='ltr'><strong>et</strong></span> <span class='ocrx_word' id='word_1_107' title='bbox 908 2020 938 2072; x_wconf 94' lang='lat' dir='ltr'><strong>te</strong></span> <span class='ocrx_word' id='word_1_108' title='bbox 961 2020 1080 2090; x_wconf 89' lang='lat' dir='ltr'><strong>raptum</strong></span> <span class='ocrx_word' id='word_1_109' title='bbox 1103 2017 1134 2070; x_wconf 90' lang='lat' dir='ltr'><strong>et</strong></span> <span class='ocrx_word' id='word_1_110' title='bbox 1153 2007 1214 2069; x_wconf 85' lang='lat' dir='ltr'><strong>Ro-</strong></span> 
     </span>
     <span class='ocr_line' id='line_1_17' title="bbox 198 2097 1293 2184; baseline -0.003 -24"><span class='ocrx_word' id='word_1_111' title='bbox 198 2117 315 2160; x_wconf 92' lang='lat' dir='ltr'><strong>manam</strong></span> <span class='ocrx_word' id='word_1_112' title='bbox 337 2098 475 2159; x_wconf 85' lang='lat' dir='ltr'><strong>flebimus</strong></span> <span class='ocrx_word' id='word_1_113' title='bbox 498 2097 661 2159; x_wconf 92' lang='lat' dir='ltr'><strong>historiam.</strong></span> <span class='ocrx_word' id='word_1_114' title='bbox 685 2099 727 2159; x_wconf 82' lang='lat'><strong>13</strong></span> <span class='ocrx_word' id='word_1_115' title='bbox 746 2098 804 2178; x_wconf 83' lang='lat' dir='ltr'><strong>[od</strong></span> <span class='ocrx_word' id='word_1_116' title='bbox 820 2099 1008 2177; x_wconf 80' lang='lat' dir='ltr'><strong>Musam],3</strong></span> <span class='ocrx_word' id='word_1_117' title='bbox 1031 2099 1215 2179; x_wconf 87' lang='lat' dir='ltr'><strong>Dispeream‚</strong></span> <span class='ocrx_word' id='word_1_118' title='bbox 1292 2171 1293 2184; x_wconf 10' lang='grc' dir='ltr'>χ</span> 
     </span>
     <span class='ocr_line' id='line_1_18' title="bbox 198 2185 1213 2268; baseline -0.001 -20"><span class='ocrx_word' id='word_1_119' title='bbox 198 2191 224 2249; x_wconf 92' lang='lat' dir='ltr'><strong>si</strong></span> <span class='ocrx_word' id='word_1_120' title='bbox 242 2197 272 2248; x_wconf 91' lang='lat' dir='ltr'><strong>te</strong></span> <span class='ocrx_word' id='word_1_121' title='bbox 291 2186 383 2248; x_wconf 83' lang='lat' dir='ltr'><strong>fuerit</strong></span> <span class='ocrx_word' id='word_1_122' title='bbox 400 2185 474 2246; x_wconf 92' lang='lat' dir='ltr'><strong>mihi</strong></span> <span class='ocrx_word' id='word_1_123' title='bbox 492 2187 590 2247; x_wconf 88' lang='lat' dir='ltr'><strong>carior</strong></span> <span class='ocrx_word' id='word_1_124' title='bbox 608 2186 691 2249; x_wconf 89' lang='lat' dir='ltr'><strong>alter.</strong></span> <span class='ocrx_word' id='word_1_125' title='bbox 710 2187 785 2250; x_wconf 89' lang='lat' dir='ltr'><strong>alter</strong></span> <span class='ocrx_word' id='word_1_126' title='bbox 803 2191 883 2249; x_wconf 90' lang='lat' dir='ltr'><strong>enim</strong></span> <span class='ocrx_word' id='word_1_127' title='bbox 902 2191 969 2268; x_wconf 88' lang='lat' dir='ltr'><strong>quis</strong></span> <span class='ocrx_word' id='word_1_128' title='bbox 987 2196 1017 2249; x_wconf 92' lang='lat' dir='ltr'><strong>te</strong></span> <span class='ocrx_word' id='word_1_129' title='bbox 1031 2189 1129 2248; x_wconf 87' lang='lat' dir='ltr'><strong>carior</strong></span> <span class='ocrx_word' id='word_1_130' title='bbox 1147 2205 1213 2247; x_wconf 91' lang='lat' dir='ltr'><strong>esse</strong></span> 
     </span>
     <span class='ocr_line' id='line_1_19' title="bbox 197 2276 1293 2357; baseline -0.001 -21"><span class='ocrx_word' id='word_1_131' title='bbox 197 2282 305 2357; x_wconf 84' lang='lat' dir='ltr'><strong>potest,</strong></span> <span class='ocrx_word' id='word_1_132' title='bbox 324 2277 374 2336; x_wconf 92' lang='lat' dir='ltr'><strong>cui</strong></span> <span class='ocrx_word' id='word_1_133' title='bbox 392 2277 496 2336; x_wconf 90' lang='lat' dir='ltr'><strong>iuueni</strong></span> <span class='ocrx_word' id='word_1_134' title='bbox 518 2283 586 2336; x_wconf 92' lang='lat' dir='ltr'><strong>ante</strong></span> <span class='ocrx_word' id='word_1_135' title='bbox 605 2276 678 2337; x_wconf 91' lang='lat' dir='ltr'><strong>alios</strong></span> <span class='ocrx_word' id='word_1_136' title='bbox 697 2277 760 2339; x_wconf 94' lang='lat' dir='ltr'><strong>diui</strong></span> <span class='ocrx_word' id='word_1_137' title='bbox 779 2279 939 2357; x_wconf 89' lang='lat' dir='ltr'><strong>diuomque</strong></span> <span class='ocrx_word' id='word_1_138' title='bbox 959 2295 1078 2338; x_wconf 91' lang='lat' dir='ltr'><strong>sorores</strong></span> <span class='ocrx_word' id='word_1_139' title='bbox 1096 2286 1214 2355; x_wconf 87' lang='lat' dir='ltr'><strong>cuncta,</strong></span> <span class='ocrx_word' id='word_1_140' title='bbox 1292 2323 1293 2328; x_wconf 31' lang='lat'>1</span> 
     </span>
     <span class='ocr_line' id='line_1_20' title="bbox 198 2363 1260 2448; baseline -0.001 -23"><span class='ocrx_word' id='word_1_141' title='bbox 198 2382 296 2443; x_wconf 90' lang='lat' dir='ltr'><strong>neque</strong></span> <span class='ocrx_word' id='word_1_142' title='bbox 319 2363 449 2444; x_wconf 82' lang='lat' dir='ltr'><strong>indigno,</strong></span> <span class='ocrx_word' id='word_1_143' title='bbox 472 2363 571 2446; x_wconf 85' lang='lat' dir='ltr'><strong>Musa,</strong></span> <span class='ocrx_word' id='word_1_144' title='bbox 594 2365 704 2428; x_wconf 88' lang='lat' dir='ltr'><strong>dedere</strong></span> <span class='ocrx_word' id='word_1_145' title='bbox 727 2367 818 2448; x_wconf 89' lang='lat' dir='ltr'><strong>bona,</strong></span> <span class='ocrx_word' id='word_1_146' title='bbox 841 2374 949 2427; x_wconf 92' lang='lat' dir='ltr'><strong>cuncta</strong></span> <span class='ocrx_word' id='word_1_147' title='bbox 973 2365 1082 2444; x_wconf 89' lang='lat' dir='ltr'><strong>quibus</strong></span> <span class='ocrx_word' id='word_1_148' title='bbox 1105 2364 1214 2443; x_wconf 81' lang='lat' dir='ltr'><strong>gaudet</strong></span> <span class='ocrx_word' id='word_1_149' title='bbox 1230 2380 1260 2418; x_wconf 75' lang='lat'><strong>1⁵</strong></span> 
     </span>
     <span class='ocr_line' id='line_1_21' title="bbox 198 2449 1214 2534; baseline -0.003 -19"><span class='ocrx_word' id='word_1_150' title='bbox 198 2452 311 2515; x_wconf 85' lang='lat' dir='ltr'><strong>Phoebi</strong></span> <span class='ocrx_word' id='word_1_151' title='bbox 334 2451 445 2513; x_wconf 86' lang='lat' dir='ltr'><strong>chorus</strong></span> <span class='ocrx_word' id='word_1_152' title='bbox 467 2449 770 2534; x_wconf 63' lang='lat' dir='ltr'><strong>ipseqne&#39;Pboebus?</strong></span> <span class='ocrx_word' id='word_1_153' title='bbox 793 2456 909 2516; x_wconf 81' lang='lat' dir='ltr'><strong>doctior</strong></span> <span class='ocrx_word' id='word_1_154' title='bbox 931 2474 949 2515; x_wconf 97' lang='lat' dir='ltr'><strong>o</strong></span> <span class='ocrx_word' id='word_1_155' title='bbox 972 2456 1040 2533; x_wconf 87' lang='lat' dir='ltr'><strong>quis</strong></span> <span class='ocrx_word' id='word_1_156' title='bbox 1064 2462 1103 2534; x_wconf 88' lang='lat' dir='ltr'><strong>te,</strong></span> <span class='ocrx_word' id='word_1_157' title='bbox 1120 2453 1214 2531; x_wconf 88' lang='lat' dir='ltr'><strong>Musa,</strong></span> 
     </span>
     <span class='ocr_line' id='line_1_22' title="bbox 200 2537 1215 2623; baseline 0 -21"><span class='ocrx_word' id='word_1_158' title='bbox 200 2544 292 2602; x_wconf 86' lang='lat' dir='ltr'><strong>inisse</strong></span> <span class='ocrx_word' id='word_1_159' title='bbox 315 2537 436 2620; x_wconf 82' lang='lat' dir='ltr'><strong>potest?</strong></span> <span class='ocrx_word' id='word_1_160' title='bbox 459 2561 476 2602; x_wconf 94' lang='lat' dir='ltr'><strong>o</strong></span> <span class='ocrx_word' id='word_1_161' title='bbox 496 2545 563 2622; x_wconf 88' lang='lat' dir='ltr'><strong>quis</strong></span> <span class='ocrx_word' id='word_1_162' title='bbox 581 2553 612 2605; x_wconf 89' lang='lat' dir='ltr'><strong>te</strong></span> <span class='ocrx_word' id='word_1_163' title='bbox 635 2547 775 2606; x_wconf 91' lang='lat' dir='ltr'><strong>interris</strong></span> <span class='ocrx_word' id='word_1_164' title='bbox 798 2544 931 2623; x_wconf 88' lang='lat' dir='ltr'><strong>loquitur</strong></span> <span class='ocrx_word' id='word_1_165' title='bbox 953 2543 1113 2603; x_wconf 87' lang='lat' dir='ltr'><strong>iucundior</strong></span> <span class='ocrx_word' id='word_1_166' title='bbox 1131 2538 1215 2602; x_wconf 80' lang='lat' dir='ltr'><strong>uno?</strong></span> 
     </span>
     <span class='ocr_line' id='line_1_23' title="bbox 198 2630 1213 2712; baseline -0.001 -20"><span class='ocrx_word' id='word_1_167' title='bbox 198 2630 262 2692; x_wconf 87' lang='lat' dir='ltr'><strong>Clio</strong></span> <span class='ocrx_word' id='word_1_168' title='bbox 286 2638 346 2691; x_wconf 90' lang='lat' dir='ltr'><strong>tam</strong></span> <span class='ocrx_word' id='word_1_169' title='bbox 368 2639 450 2692; x_wconf 92' lang='lat' dir='ltr'><strong>certe</strong></span> <span class='ocrx_word' id='word_1_170' title='bbox 474 2632 597 2694; x_wconf 92' lang='lat' dir='ltr'><strong>candida</strong></span> <span class='ocrx_word' id='word_1_171' title='bbox 620 2652 681 2694; x_wconf 92' lang='lat' dir='ltr'><strong>non</strong></span> <span class='ocrx_word' id='word_1_172' title='bbox 705 2634 845 2712; x_wconf 90' lang='lat' dir='ltr'><strong>loquitur.</strong></span> <span class='ocrx_word' id='word_1_173' title='bbox 881 2631 923 2707; x_wconf 82' lang='lat' dir='ltr'><strong>ef.</strong></span> <span class='ocrx_word' id='word_1_174' title='bbox 945 2634 1040 2692; x_wconf 80' lang='lat' dir='ltr'><strong>Culex</strong></span> <span class='ocrx_word' id='word_1_175' title='bbox 1060 2635 1104 2692; x_wconf 84' lang='lat' dir='ltr'><strong>ad</strong></span> <span class='ocrx_word' id='word_1_176' title='bbox 1125 2632 1213 2692; x_wconf 82' lang='lat' dir='ltr'><strong>Octo-</strong></span> 
     </span>
     <span class='ocr_line' id='line_1_24' title="bbox 199 2714 1214 2800; baseline -0.005 -18"><span class='ocrx_word' id='word_1_177' title='bbox 199 2723 283 2782; x_wconf 81' lang='lat' dir='ltr'><strong>ut&#39;um</strong></span> <span class='ocrx_word' id='word_1_178' title='bbox 310 2722 461 2796; x_wconf 80' lang='lat' dir='ltr'><strong>quendam</strong></span> <span class='ocrx_word' id='word_1_179' title='bbox 492 2725 599 2784; x_wconf 60' lang='lat' dir='ltr'><strong>mosas</strong></span> <span class='ocrx_word' id='word_1_180' title='bbox 631 2715 872 2785; x_wconf 75' lang='lat' dir='ltr'><strong>‘uenerandum&#39;</strong></span> <span class='ocrx_word' id='word_1_181' title='bbox 901 2716 944 2797; x_wconf 83' lang='lat' dir='ltr'><strong>(u.</strong></span> <span class='ocrx_word' id='word_1_182' title='bbox 963 2714 1035 2800; x_wconf 82' lang='lat'><strong><em>25),</em></strong></span> <span class='ocrx_word' id='word_1_183' title='bbox 1067 2715 1214 2795; x_wconf 80' lang='lat' dir='ltr'><strong>‘puerum</strong></span> 
     </span>
     <span class='ocr_line' id='line_1_25' title="bbox 200 2802 1258 2893; baseline -0.006 -21"><span class='ocrx_word' id='word_1_184' title='bbox 200 2804 422 2872; x_wconf 81' lang='lat' dir='ltr'><strong>uenerabilcm’</strong></span> <span class='ocrx_word' id='word_1_185' title='bbox 445 2806 529 2893; x_wconf 74' lang='lat'><em>(37),</em></span> <span class='ocrx_word' id='word_1_186' title='bbox 552 2807 707 2873; x_wconf 79' lang='lat' dir='ltr'><strong>‘sanctum</strong></span> <span class='ocrx_word' id='word_1_187' title='bbox 726 2805 872 2886; x_wconf 83' lang='lat' dir='ltr'><strong>puerum’</strong></span> <span class='ocrx_word' id='word_1_188' title='bbox 897 2802 981 2890; x_wconf 80' lang='lat'>(26).</span> <span class='ocrx_word' id='word_1_189' title='bbox 1228 2822 1258 2862; x_wconf 75' lang='lat' dir='ltr'><strong>ao</strong></span> 
     </span>
    </p>

    <p class='ocr_par' dir='ltr' id='par_1_8' title="bbox 165 2893 1214 3155">
     <span class='ocr_line' id='line_1_26' title="bbox 165 2893 1214 2975; baseline -0.003 -17"><span class='ocrx_word' id='word_1_190' title='bbox 165 2893 591 2974; x_wconf 75' lang='lat' dir='ltr'><strong>2.Horat.sot.110,82</strong></span> <span class='ocrx_word' id='word_1_191' title='bbox 627 2895 746 2975; x_wconf 78' lang='lat' dir='ltr'><strong>Valgius</strong></span> <span class='ocrx_word' id='word_1_192' title='bbox 774 2905 804 2956; x_wconf 92' lang='lat' dir='ltr'><strong>et</strong></span> <span class='ocrx_word' id='word_1_193' title='bbox 830 2895 937 2975; x_wconf 88' lang='lat' dir='ltr'><strong>probet</strong></span> <span class='ocrx_word' id='word_1_194' title='bbox 966 2896 1040 2958; x_wconf 90' lang='lat' dir='ltr'><strong>baec</strong></span> <span class='ocrx_word' id='word_1_195' title='bbox 1070 2895 1214 2957; x_wconf 86' lang='lat' dir='ltr'><strong>Octauius</strong></span> 
     </span>
     <span class='ocr_line' id='line_1_27' title="bbox 200 2984 1214 3068; baseline -0.002 -20"><span class='ocrx_word' id='word_1_196' title='bbox 200 2989 331 3068; x_wconf 88' lang='lat' dir='ltr'><strong>optimus</strong></span> <span class='ocrx_word' id='word_1_197' title='bbox 358 2995 447 3067; x_wconf 88' lang='lat' dir='ltr'><strong>atque</strong></span> <span class='ocrx_word' id='word_1_198' title='bbox 475 2987 591 3049; x_wconf 84' lang='lat' dir='ltr'><strong>Fuscus</strong></span> <span class='ocrx_word' id='word_1_199' title='bbox 623 2994 652 3046; x_wconf 91' lang='lat' dir='ltr'><strong>et</strong></span> <span class='ocrx_word' id='word_1_200' title='bbox 684 2985 757 3047; x_wconf 89' lang='lat' dir='ltr'><strong>haec</strong></span> <span class='ocrx_word' id='word_1_201' title='bbox 784 2987 897 3046; x_wconf 90' lang='lat' dir='ltr'><strong>utinam</strong></span> <span class='ocrx_word' id='word_1_202' title='bbox 925 2984 1083 3047; x_wconf 90' lang='lat' dir='ltr'><strong>Viscorum</strong></span> <span class='ocrx_word' id='word_1_203' title='bbox 1113 2984 1214 3046; x_wconf 87' lang='lat' dir='ltr'><strong>laudet</strong></span> 
     </span>
     <span class='ocr_line' id='line_1_28' title="bbox 200 3085 337 3155; baseline 0 -18"><span class='ocrx_word' id='word_1_204' title='bbox 200 3085 337 3155; x_wconf 89' lang='lat' dir='ltr'><strong>uterque.</strong></span> 
     </span>
    </p>

    <p class='ocr_par' dir='ltr' id='par_1_9' title="bbox 165 3160 1255 3603">
     <span class='ocr_line' id='line_1_29' title="bbox 165 3160 1214 3242; baseline -0.006 -15"><span class='ocrx_word' id='word_1_205' title='bbox 165 3161 200 3228; x_wconf 82' lang='lat'><strong>3.</strong></span> <span class='ocrx_word' id='word_1_206' title='bbox 224 3167 323 3228; x_wconf 78' lang='lat' dir='ltr'><strong>Scbol.</strong></span> <span class='ocrx_word' id='word_1_207' title='bbox 337 3165 430 3227; x_wconf 84' lang='lat' dir='ltr'><strong>Bern.</strong></span> <span class='ocrx_word' id='word_1_208' title='bbox 444 3167 488 3225; x_wconf 86' lang='lat' dir='ltr'><strong>ad</strong></span> <span class='ocrx_word' id='word_1_209' title='bbox 507 3165 594 3239; x_wconf 69' lang='lat' dir='ltr'><strong>Vero.</strong></span> <span class='ocrx_word' id='word_1_210' title='bbox 609 3167 664 3225; x_wconf 86' lang='lat' dir='ltr'><strong>ecl.</strong></span> <span class='ocrx_word' id='word_1_211' title='bbox 677 3163 707 3238; x_wconf 86' lang='grc'><strong>8,</strong></span> <span class='ocrx_word' id='word_1_212' title='bbox 723 3165 746 3224; x_wconf 80' lang='grc'><strong><em>6</em></strong></span> <span class='ocrx_word' id='word_1_213' title='bbox 762 3163 839 3225; x_wconf 84' lang='lat' dir='ltr'><strong>Huic</strong></span> <span class='ocrx_word' id='word_1_214' title='bbox 854 3163 973 3242; x_wconf 78' lang='lat' dir='ltr'><strong>[Asinio</strong></span> <span class='ocrx_word' id='word_1_215' title='bbox 988 3160 1132 3240; x_wconf 80' lang='lat' dir='ltr'><strong>Pollioni]</strong></span> <span class='ocrx_word' id='word_1_216' title='bbox 1145 3169 1214 3242; x_wconf 87' lang='lat' dir='ltr'><strong>post</strong></span> 
     </span>
     <span class='ocr_line' id='line_1_30' title="bbox 200 3249 1255 3331; baseline -0.004 -17"><span class='ocrx_word' id='word_1_217' title='bbox 200 3256 316 3315; x_wconf 87' lang='lat' dir='ltr'><strong>uictum</strong></span> <span class='ocrx_word' id='word_1_218' title='bbox 338 3253 498 3316; x_wconf 77' lang='lat' dir='ltr'><strong>Antonium</strong></span> <span class='ocrx_word' id='word_1_219' title='bbox 521 3259 593 3331; x_wconf 87' lang='lat' dir='ltr'><strong>aput</strong></span> <span class='ocrx_word' id='word_1_220' title='bbox 619 3251 773 3314; x_wconf 88' lang='lat' dir='ltr'><strong>Perusiam</strong></span> <span class='ocrx_word' id='word_1_221' title='bbox 800 3271 957 3314; x_wconf 89' lang='lat' dir='ltr'><strong>successor</strong></span> <span class='ocrx_word' id='word_1_222' title='bbox 984 3253 1071 3314; x_wconf 88' lang='lat' dir='ltr'><strong>datus</strong></span> <span class='ocrx_word' id='word_1_223' title='bbox 1098 3260 1145 3313; x_wconf 89' lang='lat' dir='ltr'><strong>est</strong></span> <span class='ocrx_word' id='word_1_224' title='bbox 1166 3249 1213 3311; x_wconf 78' lang='lat' dir='ltr'><strong>nt·</strong></span> <span class='ocrx_word' id='word_1_225' title='bbox 1228 3266 1255 3304; x_wconf 79' lang='lat'><strong>2⁵</strong></span> 
     </span>
     <span class='ocr_line' id='line_1_31' title="bbox 201 3339 1214 3424; baseline -0.003 -22"><span class='ocrx_word' id='word_1_226' title='bbox 201 3342 287 3404; x_wconf 83' lang='lat' dir='ltr'><strong>fenus</strong></span> <span class='ocrx_word' id='word_1_227' title='bbox 307 3341 409 3424; x_wconf 87' lang='lat' dir='ltr'><strong>Varus,</strong></span> <span class='ocrx_word' id='word_1_228' title='bbox 433 3344 485 3423; x_wconf 88' lang='lat' dir='ltr'><strong>qui</strong></span> <span class='ocrx_word' id='word_1_229' title='bbox 506 3344 603 3404; x_wconf 91' lang='lat' dir='ltr'><strong>iratus</strong></span> <span class='ocrx_word' id='word_1_230' title='bbox 621 3341 788 3404; x_wconf 86' lang='lat' dir='ltr'><strong>Mantuanis</strong></span> <span class='ocrx_word' id='word_1_231' title='bbox 811 3361 898 3422; x_wconf 83' lang='lat' dir='ltr'><strong>agros</strong></span> <span class='ocrx_word' id='word_1_232' title='bbox 920 3360 1025 3404; x_wconf 90' lang='lat' dir='ltr'><strong>eorum</strong></span> <span class='ocrx_word' id='word_1_233' title='bbox 1048 3342 1126 3420; x_wconf 87' lang='lat' dir='ltr'><strong>parti</strong></span> <span class='ocrx_word' id='word_1_234' title='bbox 1144 3339 1214 3401; x_wconf 87' lang='lat' dir='ltr'><strong>Cre-</strong></span> 
     </span>
     <span class='ocr_line' id='line_1_32' title="bbox 200 3429 1214 3494; baseline -0.004 -2"><span class='ocrx_word' id='word_1_235' title='bbox 200 3433 388 3494; x_wconf 90' lang='lat' dir='ltr'><strong>monensium</strong></span> <span class='ocrx_word' id='word_1_236' title='bbox 424 3434 529 3494; x_wconf 83' lang='lat' dir='ltr'><strong>iunxit.</strong></span> <span class='ocrx_word' id='word_1_237' title='bbox 575 3449 664 3493; x_wconf 89' lang='lat' dir='ltr'><strong>causa</strong></span> <span class='ocrx_word' id='word_1_238' title='bbox 701 3440 801 3493; x_wconf 90' lang='lat' dir='ltr'><strong>antem</strong></span> <span class='ocrx_word' id='word_1_239' title='bbox 837 3433 1008 3493; x_wconf 87' lang='lat' dir='ltr'><strong>iracundiae</strong></span> <span class='ocrx_word' id='word_1_240' title='bbox 1045 3430 1118 3491; x_wconf 88' lang='lat' dir='ltr'><strong>baec</strong></span> <span class='ocrx_word' id='word_1_241' title='bbox 1150 3429 1214 3490; x_wconf 77' lang='lat' dir='ltr'><strong>suit</strong></span> 
     </span>
     <span class='ocr_line' id='line_1_33' title="bbox 200 3519 1214 3603; baseline -0.003 -21"><span class='ocrx_word' id='word_1_242' title='bbox 200 3520 344 3582; x_wconf 80' lang='lat' dir='ltr'><strong>Octauius</strong></span> <span class='ocrx_word' id='word_1_243' title='bbox 358 3519 442 3582; x_wconf 89' lang='lat' dir='ltr'><strong>Musa</strong></span> <span class='ocrx_word' id='word_1_244' title='bbox 461 3523 553 3603; x_wconf 90' lang='lat' dir='ltr'><strong>enim,</strong></span> <span class='ocrx_word' id='word_1_245' title='bbox 573 3523 649 3582; x_wconf 90' lang='lat' dir='ltr'><strong>ciuis</strong></span> <span class='ocrx_word' id='word_1_246' title='bbox 667 3521 844 3582; x_wconf 88' lang='lat' dir='ltr'><strong>Mantuanus</strong></span> <span class='ocrx_word' id='word_1_247' title='bbox 858 3521 997 3600; x_wconf 88' lang='lat' dir='ltr'><strong>idemque</strong></span> <span class='ocrx_word' id='word_1_248' title='bbox 1016 3521 1214 3598; x_wconf 83' lang='lat' dir='ltr'><strong>magistratus,</strong></span> 
     </span>
    </p>

    <p class='ocr_par' dir='ltr' id='par_1_10' title="bbox 178 3607 1215 3691">
     <span class='ocr_line' id='line_1_34' title="bbox 178 3607 1215 3691; baseline -0.002 -21"><span class='ocrx_word' id='word_1_249' title='bbox 178 3613 270 3670; x_wconf 88' lang='lat' dir='ltr'><strong>&#39;curn</strong></span> <span class='ocrx_word' id='word_1_250' title='bbox 298 3607 445 3669; x_wconf 88' lang='lat' dir='ltr'><strong>tributum</strong></span> <span class='ocrx_word' id='word_1_251' title='bbox 472 3608 509 3668; x_wconf 93' lang='lat' dir='ltr'><strong>ab</strong></span> <span class='ocrx_word' id='word_1_252' title='bbox 535 3610 670 3688; x_wconf 79' lang='lat' dir='ltr'><strong>Augusto</strong></span> <span class='ocrx_word' id='word_1_253' title='bbox 700 3610 806 3671; x_wconf 83' lang='lat' dir='ltr'><strong>fuisset</strong></span> <span class='ocrx_word' id='word_1_254' title='bbox 828 3610 988 3691; x_wconf 85' lang='lat' dir='ltr'><strong>indictum,</strong></span> <span class='ocrx_word' id='word_1_255' title='bbox 1010 3626 1119 3689; x_wconf 88' lang='lat' dir='ltr'><strong>pecora</strong></span> <span class='ocrx_word' id='word_1_256' title='bbox 1145 3607 1215 3668; x_wconf 89' lang='lat' dir='ltr'><strong>Vari</strong></span> 
     </span>
    </p>
   </div>
   <div class='ocr_carea' id='block_1_8' title="bbox 0 0 1316 4054">
    <p class='ocr_par' dir='ltr' id='par_1_11' title="bbox 0 0 1316 4054">
     <span class='ocr_line' id='line_1_35' title="bbox 0 0 1316 4054; baseline 0 0"><span class='ocrx_word' id='word_1_257' title='bbox 0 0 1316 4054; x_wconf 95' lang='lat' dir='ltr'><strong> </strong></span> 
     </span>
    </p>
   </div>
  </div>
 </body>
</html>
