<?xml version="1.0" encoding="UTF-8"?>
<!DOCTYPE html PUBLIC "-//W3C//DTD XHTML 1.0 Transitional//EN"
    "http://www.w3.org/TR/xhtml1/DTD/xhtml1-transitional.dtd">
<html xmlns="http://www.w3.org/1999/xhtml" xml:lang="en" lang="en">
 <head>
  <title>
</title>
<meta http-equiv="Content-Type" content="text/html;charset=utf-8" />
  <meta name='ocr-system' content='tesseract 3.04.00' />
  <meta name='ocr-capabilities' content='ocr_page ocr_carea ocr_par ocr_line ocrx_word'/>
</head>
<body>
  <div class='ocr_page' id='page_1' title='image "./historicorumrom02petegoog_0247.png"; bbox 0 0 2638 4056; ppageno 0'>
   <div class='ocr_carea' id='block_1_1' title="bbox 174 223 855 294">
    <p class='ocr_par' dir='ltr' id='par_1_1' title="bbox 174 175 1309 316">
     <span class='ocr_line' id='line_1_1' title="bbox 174 223 855 294; baseline -0.024 0"><span class='ocrx_word' id='word_1_1' title='bbox 174 225 240 294; x_wconf 78' lang='lat'><strong><em>220</em></strong></span> <span class='ocrx_word' id='word_1_2' title='bbox 511 223 855 284; x_wconf 78' lang='lat' dir='ltr'><strong>corruumuurorrs</strong></span> 
     </span>
    </p>
   </div>
   <div class='ocr_carea' id='block_1_2' title="bbox 174 371 1309 3389">
    <p class='ocr_par' dir='ltr' id='par_1_2' title="bbox 174 371 1192 530">
     <span class='ocr_line' id='line_1_2' title="bbox 174 371 1192 458; baseline -0.006 -19"><span class='ocrx_word' id='word_1_3' title='bbox 174 386 289 458; x_wconf 80' lang='lat' dir='ltr'><strong>patrem</strong></span> <span class='ocrx_word' id='word_1_4' title='bbox 312 377 476 458; x_wconf 79' lang='lat' dir='ltr'><strong>fugientem</strong></span> <span class='ocrx_word' id='word_1_5' title='bbox 500 395 516 438; x_wconf 85' lang='lat' dir='ltr'>a</span> <span class='ocrx_word' id='word_1_6' title='bbox 535 375 677 438; x_wconf 84' lang='lat' dir='ltr'><strong>Corintho</strong></span> <span class='ocrx_word' id='word_1_7' title='bbox 701 376 820 457; x_wconf 75' lang='lat' dir='ltr'>tyranni</span> <span class='ocrx_word' id='word_1_8' title='bbox 842 375 967 436; x_wconf 79' lang='lat' dir='ltr'><strong>inuirias</strong></span> <span class='ocrx_word' id='word_1_9' title='bbox 987 371 1104 454; x_wconf 83' lang='lat' dir='ltr'>Cypseli</span> <span class='ocrx_word' id='word_1_10' title='bbox 1122 390 1192 434; x_wconf 83' lang='lat' dir='ltr'><strong><em>mox</em></strong></span> 
     </span>
     <span class='ocr_line' id='line_1_3' title="bbox 174 465 356 530; baseline -0.011 -1"><span class='ocrx_word' id='word_1_11' title='bbox 174 465 356 530; x_wconf 71' lang='lat' dir='ltr'><strong>docebimur.</strong></span> 
     </span>
    </p>

    <p class='ocr_par' dir='ltr' id='par_1_3' title="bbox 174 563 1309 1143">
     <span class='ocr_line' id='line_1_4' title="bbox 266 563 1191 654; baseline -0.008 -18"><span class='ocrx_word' id='word_1_12' title='bbox 266 568 324 638; x_wconf 60' lang='lat'><strong><em>72¹.</em></strong></span> <span class='ocrx_word' id='word_1_13' title='bbox 349 575 427 636; x_wconf 87' lang='grc' dir='ltr'><strong><em>Ρίυί.</em></strong></span> <span class='ocrx_word' id='word_1_14' title='bbox 448 573 548 652; x_wconf 80' lang='grc' dir='ltr'><strong><em>Ρείομ.</em></strong></span> <span class='ocrx_word' id='word_1_15' title='bbox 568 581 598 635; x_wconf 86' lang='lat' dir='ltr'><strong><em>et</em></strong></span> <span class='ocrx_word' id='word_1_16' title='bbox 616 574 717 634; x_wconf 80' lang='lat' dir='ltr'><strong>Marc.</strong></span> <span class='ocrx_word' id='word_1_17' title='bbox 736 589 823 650; x_wconf 85' lang='grc' dir='ltr'><strong><em>οονμ.</em></strong></span> <span class='ocrx_word' id='word_1_18' title='bbox 842 571 862 631; x_wconf 91' lang='grc'><em>1</em></span> <span class='ocrx_word' id='word_1_19' title='bbox 893 563 995 650; x_wconf 78' lang='grc' dir='ltr'><strong><em>Ἡμεῖς</em></strong></span> <span class='ocrx_word' id='word_1_20' title='bbox 1023 565 1056 631; x_wconf 82' lang='grc' dir='ltr'><strong><em>δλ</em></strong></span> <span class='ocrx_word' id='word_1_21' title='bbox 1079 568 1191 654; x_wconf 82' lang='grc' dir='ltr'><strong><em>Λιβίηι,</em></strong></span> 
     </span>
     <span class='ocr_line' id='line_1_5' title="bbox 174 660 1193 752; baseline -0.006 -19"><span class='ocrx_word' id='word_1_22' title='bbox 174 671 304 751; x_wconf 86' lang='grc' dir='ltr'><strong><em>Καίσαρι</em></strong></span> <span class='ocrx_word' id='word_1_23' title='bbox 326 667 376 732; x_wconf 83' lang='grc' dir='ltr'><strong><em>καλ</em></strong></span> <span class='ocrx_word' id='word_1_24' title='bbox 398 667 520 732; x_wconf 88' lang='grc' dir='ltr'><strong><em>Νέπωτι</em></strong></span> <span class='ocrx_word' id='word_1_25' title='bbox 543 669 593 732; x_wconf 81' lang='grc' dir='ltr'><strong><em>καί</em></strong></span> <span class='ocrx_word' id='word_1_26' title='bbox 619 673 679 732; x_wconf 78' lang='grc' dir='ltr'><strong><em>τῶν</em></strong></span> <span class='ocrx_word' id='word_1_27' title='bbox 697 663 880 750; x_wconf 77' lang='grc' dir='ltr'><strong><em>Ἑλληνικῶν</em></strong></span> <span class='ocrx_word' id='word_1_28' title='bbox 907 672 946 752; x_wconf 77' lang='grc' dir='ltr'><strong><em>τῷ</em></strong></span> <span class='ocrx_word' id='word_1_29' title='bbox 968 669 1091 752; x_wconf 85' lang='grc' dir='ltr'><strong><em>βασιλεῖ</em></strong></span> <span class='ocrx_word' id='word_1_30' title='bbox 1110 660 1193 750; x_wconf 74' lang='grc' dir='ltr'><strong><em>Ἰόβᾳ</em></strong></span> 
     </span>
     <span class='ocr_line' id='line_1_6' title="bbox 174 759 1309 850; baseline -0.006 -19"><span class='ocrx_word' id='word_1_31' title='bbox 174 764 364 849; x_wconf 73' lang='grc' dir='ltr'><strong><em>πιστεύομεν,</em></strong></span> <span class='ocrx_word' id='word_1_32' title='bbox 395 763 482 849; x_wconf 89' lang='grc' dir='ltr'><strong><em>ήττας</em></strong></span> <span class='ocrx_word' id='word_1_33' title='bbox 513 763 596 842; x_wconf 88' lang='grc' dir='ltr'><strong><em>τινάς</em></strong></span> <span class='ocrx_word' id='word_1_34' title='bbox 627 766 677 830; x_wconf 84' lang='grc' dir='ltr'><strong><em>καλ</em></strong></span> <span class='ocrx_word' id='word_1_35' title='bbox 703 759 814 850; x_wconf 85' lang='grc' dir='ltr'><strong><em>τροπάς</em></strong></span> <span class='ocrx_word' id='word_1_36' title='bbox 840 760 899 829; x_wconf 76' lang='grc' dir='ltr'><strong><em>ὑπὸ</em></strong></span> <span class='ocrx_word' id='word_1_37' title='bbox 927 762 1106 846; x_wconf 76' lang='grc' dir='ltr'><strong><em>Μαρκέλλου</em></strong></span> <span class='ocrx_word' id='word_1_38' title='bbox 1133 766 1223 826; x_wconf 72' lang='grc' dir='ltr'><strong><em>τότε</em></strong></span> <span class='ocrx_word' id='word_1_39' title='bbox 1308 797 1309 824; x_wconf 73' lang='grc' dir='ltr'>ι</span> 
     </span>
     <span class='ocr_line' id='line_1_7' title="bbox 175 853 1194 950; baseline -0.002 -22"><span class='ocrx_word' id='word_1_40' title='bbox 175 861 230 928; x_wconf 81' lang='grc' dir='ltr'><strong><em>σὺν</em></strong></span> <span class='ocrx_word' id='word_1_41' title='bbox 254 861 377 950; x_wconf 77' lang='grc' dir='ltr'><strong><em>Ἀννίβα</em></strong></span> <span class='ocrx_word' id='word_1_42' title='bbox 404 862 556 947; x_wconf 82' lang='grc' dir='ltr'><strong><em>γενέσθαι·</em></strong></span> <span class='ocrx_word' id='word_1_43' title='bbox 594 860 724 947; x_wconf 77' lang='grc' dir='ltr'><strong><em>μεγάλην</em></strong></span> <span class='ocrx_word' id='word_1_44' title='bbox 750 861 783 927; x_wconf 86' lang='grc' dir='ltr'><strong><em>δέ</em></strong></span> <span class='ocrx_word' id='word_1_45' title='bbox 811 853 898 927; x_wconf 81' lang='grc' dir='ltr'><strong><em>αὗται</em></strong></span> <span class='ocrx_word' id='word_1_46' title='bbox 925 858 1023 946; x_wconf 77' lang='grc' dir='ltr'><strong><em>βοπήν</em></strong></span> <span class='ocrx_word' id='word_1_47' title='bbox 1050 857 1194 943; x_wconf 81' lang='grc' dir='ltr'><strong><em>οὐδεμίαν</em></strong></span> 
     </span>
     <span class='ocr_line' id='line_1_8' title="bbox 174 955 1193 1046; baseline -0.003 -20"><span class='ocrx_word' id='word_1_48' title='bbox 174 959 331 1044; x_wconf 88' lang='grc' dir='ltr'><strong><em>ἐποιήσαν,</em></strong></span> <span class='ocrx_word' id='word_1_49' title='bbox 365 958 427 1026; x_wconf 78' lang='grc' dir='ltr'><strong><em>ἄλλ’</em></strong></span> <span class='ocrx_word' id='word_1_50' title='bbox 462 962 538 1028; x_wconf 81' lang='grc' dir='ltr'><strong><em>έοικε</em></strong></span> <span class='ocrx_word' id='word_1_51' title='bbox 575 958 777 1043; x_wconf 79' lang='grc' dir='ltr'><strong><em>ψευδόπτωμά</em></strong></span> <span class='ocrx_word' id='word_1_52' title='bbox 812 986 839 1025; x_wconf 89' lang='grc' dir='ltr'><strong><em>τι</em></strong></span> <span class='ocrx_word' id='word_1_53' title='bbox 870 959 1011 1046; x_wconf 84' lang='grc' dir='ltr'><strong><em>γενέσθαι</em></strong></span> <span class='ocrx_word' id='word_1_54' title='bbox 1045 959 1112 1042; x_wconf 75' lang='grc' dir='ltr'><strong><em>περὶ</em></strong></span> <span class='ocrx_word' id='word_1_55' title='bbox 1139 955 1193 1023; x_wconf 86' lang='grc' dir='ltr'><strong><em>τόν</em></strong></span> 
     </span>
     <span class='ocr_line' id='line_1_9' title="bbox 174 1051 1103 1143; baseline -0.004 -19"><span class='ocrx_word' id='word_1_56' title='bbox 174 1063 276 1143; x_wconf 88' lang='grc' dir='ltr'><strong><em>Λίβυν</em></strong></span> <span class='ocrx_word' id='word_1_57' title='bbox 299 1059 332 1124; x_wconf 92' lang='grc' dir='ltr'><strong><em>ἐν</em></strong></span> <span class='ocrx_word' id='word_1_58' title='bbox 354 1067 418 1136; x_wconf 80' lang='grc' dir='ltr'><strong><em>ταῖς</em></strong></span> <span class='ocrx_word' id='word_1_59' title='bbox 439 1067 622 1142; x_wconf 79' lang='grc' dir='ltr'><strong><em>συμπλοκαῖς</em></strong></span> <span class='ocrx_word' id='word_1_60' title='bbox 645 1059 778 1137; x_wconf 80' lang='grc' dir='ltr'><strong><em>ἐκείναις.</em></strong></span> <span class='ocrx_word' id='word_1_61' title='bbox 806 1056 860 1142; x_wconf 78' lang='lat' dir='ltr'><em>(cf.</em></span> <span class='ocrx_word' id='word_1_62' title='bbox 880 1061 1020 1122; x_wconf 75' lang='lat' dir='ltr'><em>Marcell.</em></span> <span class='ocrx_word' id='word_1_63' title='bbox 1039 1051 1103 1142; x_wconf 88' lang='lat'><strong><em>12.)</em></strong></span> 
     </span>
    </p>

    <p class='ocr_par' dir='ltr' id='par_1_4' title="bbox 174 1155 1309 3104">
     <span class='ocr_line' id='line_1_10' title="bbox 265 1155 1194 1252; baseline 0.001 -23"><span class='ocrx_word' id='word_1_64' title='bbox 265 1161 324 1232; x_wconf 75' lang='lat'><strong>8³¹⁸.</strong></span> <span class='ocrx_word' id='word_1_65' title='bbox 349 1171 427 1232; x_wconf 81' lang='lat' dir='ltr'><strong>Ptut</strong></span> <span class='ocrx_word' id='word_1_66' title='bbox 448 1169 548 1232; x_wconf 80' lang='lat' dir='ltr'><strong>Marc.</strong></span> <span class='ocrx_word' id='word_1_67' title='bbox 567 1169 614 1230; x_wconf 83' lang='lat'><strong><em>30</em></strong></span> <span class='ocrx_word' id='word_1_68' title='bbox 646 1162 769 1252; x_wconf 76' lang='grc' dir='ltr'><strong><em>Ἀννίβᾳ</em></strong></span> <span class='ocrx_word' id='word_1_69' title='bbox 792 1162 824 1230; x_wconf 78' lang='grc' dir='ltr'><strong><em>δέ</em></strong></span> <span class='ocrx_word' id='word_1_70' title='bbox 846 1170 906 1229; x_wconf 79' lang='grc' dir='ltr'><strong><em>τεόν</em></strong></span> <span class='ocrx_word' id='word_1_71' title='bbox 932 1163 986 1246; x_wconf 84' lang='grc' dir='ltr'><strong><em>μέν</em></strong></span> <span class='ocrx_word' id='word_1_72' title='bbox 1009 1155 1106 1230; x_wconf 81' lang='grc' dir='ltr'><strong><em>άλλων</em></strong></span> <span class='ocrx_word' id='word_1_73' title='bbox 1129 1160 1194 1230; x_wconf 88' lang='grc' dir='ltr'><strong><em>ἐλά·</em></strong></span> 
     </span>
     <span class='ocr_line' id='line_1_11' title="bbox 174 1257 1236 1350; baseline -0.001 -22"><span class='ocrx_word' id='word_1_74' title='bbox 174 1284 270 1348; x_wconf 89' lang='grc' dir='ltr'><strong><em>χιστος</em></strong></span> <span class='ocrx_word' id='word_1_75' title='bbox 287 1257 327 1347; x_wconf 80' lang='grc' dir='ltr'><strong><em>ἦν</em></strong></span> <span class='ocrx_word' id='word_1_76' title='bbox 345 1261 442 1350; x_wconf 86' lang='grc' dir='ltr'><strong><em>λόγος,</em></strong></span> <span class='ocrx_word' id='word_1_77' title='bbox 460 1262 639 1346; x_wconf 78' lang='grc' dir='ltr'><strong><em>Μάρκελλον</em></strong></span> <span class='ocrx_word' id='word_1_78' title='bbox 659 1263 692 1328; x_wconf 78' lang='grc' dir='ltr'><strong><em>δέ</em></strong></span> <span class='ocrx_word' id='word_1_79' title='bbox 709 1261 893 1328; x_wconf 76' lang='grc' dir='ltr'><strong><em>πεπτωκέναι</em></strong></span> <span class='ocrx_word' id='word_1_80' title='bbox 911 1258 1085 1345; x_wconf 76' lang='grc' dir='ltr'><strong><em>πυθόμενος</em></strong></span> <span class='ocrx_word' id='word_1_81' title='bbox 1102 1258 1192 1340; x_wconf 77' lang='grc' dir='ltr'><strong><em>ον’τδς</em></strong></span> <span class='ocrx_word' id='word_1_82' title='bbox 1207 1278 1236 1318; x_wconf 83' lang='grc'><strong><em>10</em></strong></span> 
     </span>
     <span class='ocr_line' id='line_1_12' title="bbox 174 1355 1194 1450; baseline -0.004 -22"><span class='ocrx_word' id='word_1_83' title='bbox 174 1362 333 1447; x_wconf 79' lang='grc' dir='ltr'><strong><em>ἐξέδραμεν</em></strong></span> <span class='ocrx_word' id='word_1_84' title='bbox 356 1362 404 1427; x_wconf 74' lang='grc' dir='ltr'><strong><em>ἐπὶ</em></strong></span> <span class='ocrx_word' id='word_1_85' title='bbox 426 1358 478 1428; x_wconf 83' lang='grc' dir='ltr'><strong><em>τόν</em></strong></span> <span class='ocrx_word' id='word_1_86' title='bbox 499 1358 592 1426; x_wconf 86' lang='grc' dir='ltr'><strong><em>τόπον</em></strong></span> <span class='ocrx_word' id='word_1_87' title='bbox 614 1361 665 1425; x_wconf 82' lang='grc' dir='ltr'><strong><em>καλ</em></strong></span> <span class='ocrx_word' id='word_1_88' title='bbox 686 1366 726 1450; x_wconf 77' lang='grc' dir='ltr'><strong><em>τῷ</em></strong></span> <span class='ocrx_word' id='word_1_89' title='bbox 744 1366 838 1448; x_wconf 78' lang='grc' dir='ltr'><strong><em>νεκρῷ</em></strong></span> <span class='ocrx_word' id='word_1_90' title='bbox 856 1356 1006 1445; x_wconf 82' lang='grc' dir='ltr'><strong><em>παραστάς</em></strong></span> <span class='ocrx_word' id='word_1_91' title='bbox 1029 1359 1078 1424; x_wconf 85' lang='grc' dir='ltr'><strong><em>καέ</em></strong></span> <span class='ocrx_word' id='word_1_92' title='bbox 1096 1355 1194 1425; x_wconf 78' lang='grc' dir='ltr'><strong><em>πολὺν</em></strong></span> 
     </span>
     <span class='ocr_line' id='line_1_13' title="bbox 175 1452 1194 1545; baseline -0.004 -19"><span class='ocrx_word' id='word_1_93' title='bbox 175 1458 284 1545; x_wconf 89' lang='grc' dir='ltr'><strong><em>χρόνον</em></strong></span> <span class='ocrx_word' id='word_1_94' title='bbox 307 1457 362 1542; x_wconf 89' lang='grc' dir='ltr'><strong><em>τήν</em></strong></span> <span class='ocrx_word' id='word_1_95' title='bbox 383 1483 412 1524; x_wconf 91' lang='grc' dir='ltr'><strong><em>τε</em></strong></span> <span class='ocrx_word' id='word_1_96' title='bbox 436 1456 540 1543; x_wconf 76' lang='grc' dir='ltr'><strong><em>ροόμην</em></strong></span> <span class='ocrx_word' id='word_1_97' title='bbox 557 1457 610 1523; x_wconf 76' lang='grc' dir='ltr'><strong><em>τοῦ</em></strong></span> <span class='ocrx_word' id='word_1_98' title='bbox 634 1456 767 1542; x_wconf 83' lang='grc' dir='ltr'><strong><em>στόματος</em></strong></span> <span class='ocrx_word' id='word_1_99' title='bbox 789 1453 973 1541; x_wconf 82' lang='grc' dir='ltr'><strong><em>καταμαθάν</em></strong></span> <span class='ocrx_word' id='word_1_100' title='bbox 994 1458 1045 1524; x_wconf 82' lang='grc' dir='ltr'><strong><em>καλ</em></strong></span> <span class='ocrx_word' id='word_1_101' title='bbox 1062 1455 1094 1523; x_wconf 86' lang='grc' dir='ltr'><strong><em>τό</em></strong></span> <span class='ocrx_word' id='word_1_102' title='bbox 1113 1452 1194 1534; x_wconf 76' lang='grc' dir='ltr'><strong><em>εἶδος</em></strong></span> 
     </span>
     <span class='ocr_line' id='line_1_14' title="bbox 176 1551 1309 1644; baseline -0.006 -20"><span class='ocrx_word' id='word_1_103' title='bbox 176 1557 242 1624; x_wconf 70' lang='lat' dir='ltr'><strong><em>oin</em></strong></span> <span class='ocrx_word' id='word_1_104' title='bbox 266 1554 375 1640; x_wconf 80' lang='grc' dir='ltr'><strong><em>φωνήν</em></strong></span> <span class='ocrx_word' id='word_1_105' title='bbox 397 1554 514 1639; x_wconf 82' lang='grc' dir='ltr'><strong><em>άφήκεν</em></strong></span> <span class='ocrx_word' id='word_1_106' title='bbox 536 1552 733 1638; x_wconf 74' lang='grc' dir='ltr'><strong><em>ὑπερήφανον</em></strong></span> <span class='ocrx_word' id='word_1_107' title='bbox 751 1553 818 1620; x_wconf 85' lang='grc' dir='ltr'><strong><em>οότε</em></strong></span> <span class='ocrx_word' id='word_1_108' title='bbox 836 1551 889 1620; x_wconf 72' lang='grc' dir='ltr'><strong><em>ἐπ’</em></strong></span> <span class='ocrx_word' id='word_1_109' title='bbox 910 1553 1011 1636; x_wconf 80' lang='grc' dir='ltr'><strong><em>όψεως</em></strong></span> <span class='ocrx_word' id='word_1_110' title='bbox 1028 1551 1060 1620; x_wconf 88' lang='grc' dir='ltr'><strong><em>τό</em></strong></span> <span class='ocrx_word' id='word_1_111' title='bbox 1080 1562 1193 1638; x_wconf 82' lang='grc' dir='ltr'><strong><em>χαίρον,</em></strong></span> <span class='ocrx_word' id='word_1_112' title='bbox 1308 1573 1309 1644; x_wconf 69' lang='grc' dir='ltr'><strong><em>χ</em></strong></span> 
     </span>
     <span class='ocr_line' id='line_1_15' title="bbox 176 1649 1193 1738; baseline -0.005 -17"><span class='ocrx_word' id='word_1_113' title='bbox 176 1653 216 1733; x_wconf 87' lang='grc' dir='ltr'><strong><em>οός</em></strong></span> <span class='ocrx_word' id='word_1_114' title='bbox 238 1653 278 1720; x_wconf 89' lang='grc' dir='ltr'><strong><em>άν</em></strong></span> <span class='ocrx_word' id='word_1_115' title='bbox 299 1680 343 1731; x_wconf 88' lang='grc' dir='ltr'><strong><em>τις</em></strong></span> <span class='ocrx_word' id='word_1_116' title='bbox 361 1650 476 1738; x_wconf 89' lang='grc' dir='ltr'><strong><em>ἐργοόδη</em></strong></span> <span class='ocrx_word' id='word_1_117' title='bbox 500 1653 641 1736; x_wconf 90' lang='grc' dir='ltr'><strong><em>πολέμιον</em></strong></span> <span class='ocrx_word' id='word_1_118' title='bbox 659 1653 710 1717; x_wconf 79' lang='grc' dir='ltr'><strong><em>καλ</em></strong></span> <span class='ocrx_word' id='word_1_119' title='bbox 727 1649 825 1737; x_wconf 80' lang='grc' dir='ltr'><strong><em>βαρὺν</em></strong></span> <span class='ocrx_word' id='word_1_120' title='bbox 843 1649 1021 1734; x_wconf 84' lang='grc' dir='ltr'><strong><em>άπεκτονοός,</em></strong></span> <span class='ocrx_word' id='word_1_121' title='bbox 1040 1653 1193 1736; x_wconf 81' lang='grc' dir='ltr'><strong><em>ἐξέφηνεν,</em></strong></span> 
     </span>
     <span class='ocr_line' id='line_1_16' title="bbox 175 1739 1237 1836; baseline -0.003 -18"><span class='ocrx_word' id='word_1_122' title='bbox 175 1747 239 1818; x_wconf 75' lang='grc' dir='ltr'><strong><em>ἄλλ’</em></strong></span> <span class='ocrx_word' id='word_1_123' title='bbox 279 1748 487 1836; x_wconf 81' lang='grc' dir='ltr'><strong><em>ἐπαδαυμάσας</em></strong></span> <span class='ocrx_word' id='word_1_124' title='bbox 523 1747 555 1816; x_wconf 88' lang='grc' dir='ltr'><strong><em>τό</em></strong></span> <span class='ocrx_word' id='word_1_125' title='bbox 591 1747 761 1835; x_wconf 91' lang='grc' dir='ltr'><strong><em>παράλογον</em></strong></span> <span class='ocrx_word' id='word_1_126' title='bbox 797 1756 848 1836; x_wconf 88' lang='grc' dir='ltr'><strong><em>τής</em></strong></span> <span class='ocrx_word' id='word_1_127' title='bbox 883 1739 1027 1833; x_wconf 79' lang='grc' dir='ltr'><strong><em>τελευτῆς</em></strong></span> <span class='ocrx_word' id='word_1_128' title='bbox 1051 1746 1103 1815; x_wconf 86' lang='grc' dir='ltr'><strong><em>τὸν</em></strong></span> <span class='ocrx_word' id='word_1_129' title='bbox 1139 1749 1194 1832; x_wconf 80' lang='grc' dir='ltr'><strong><em>μέν</em></strong></span> <span class='ocrx_word' id='word_1_130' title='bbox 1208 1766 1237 1807; x_wconf 77' lang='lat'><strong><em>1⁵</em></strong></span> 
     </span>
     <span class='ocr_line' id='line_1_17' title="bbox 176 1845 1309 1934; baseline -0.003 -17"><span class='ocrx_word' id='word_1_131' title='bbox 176 1845 335 1917; x_wconf 87' lang='grc' dir='ltr'><strong><em>δακτόλιον</em></strong></span> <span class='ocrx_word' id='word_1_132' title='bbox 357 1846 509 1931; x_wconf 83' lang='grc' dir='ltr'><strong><em>άφείλετο,</em></strong></span> <span class='ocrx_word' id='word_1_133' title='bbox 531 1847 563 1914; x_wconf 86' lang='grc' dir='ltr'><strong><em>τό</em></strong></span> <span class='ocrx_word' id='word_1_134' title='bbox 588 1847 620 1913; x_wconf 85' lang='grc' dir='ltr'><strong><em>δέ</em></strong></span> <span class='ocrx_word' id='word_1_135' title='bbox 648 1854 732 1932; x_wconf 81' lang='grc' dir='ltr'><strong><em>σῶμα</em></strong></span> <span class='ocrx_word' id='word_1_136' title='bbox 753 1845 904 1934; x_wconf 77' lang='grc' dir='ltr'><strong><em>κοσμήσας</em></strong></span> <span class='ocrx_word' id='word_1_137' title='bbox 930 1849 1069 1932; x_wconf 77' lang='grc' dir='ltr'><strong><em>πρέποντι</em></strong></span> <span class='ocrx_word' id='word_1_138' title='bbox 1092 1847 1193 1934; x_wconf 78' lang='grc' dir='ltr'><strong><em>κόσμῳ</em></strong></span> <span class='ocrx_word' id='word_1_139' title='bbox 1308 1917 1309 1924; x_wconf 16' lang='lat'>¹</span> 
     </span>
     <span class='ocr_line' id='line_1_18' title="bbox 175 1945 1194 2033; baseline -0.003 -20"><span class='ocrx_word' id='word_1_140' title='bbox 175 1950 225 2014; x_wconf 80' lang='grc' dir='ltr'><strong><em>καί</em></strong></span> <span class='ocrx_word' id='word_1_141' title='bbox 256 1952 438 2033; x_wconf 86' lang='grc' dir='ltr'><strong><em>περιστείλας</em></strong></span> <span class='ocrx_word' id='word_1_142' title='bbox 469 1947 591 2031; x_wconf 87' lang='grc' dir='ltr'><strong><em>ἐντίμως</em></strong></span> <span class='ocrx_word' id='word_1_143' title='bbox 623 1947 740 2013; x_wconf 79' lang='grc' dir='ltr'><strong><em>ἐκαυσε·</em></strong></span> <span class='ocrx_word' id='word_1_144' title='bbox 777 1949 828 2013; x_wconf 83' lang='grc' dir='ltr'><strong><em>καί</em></strong></span> <span class='ocrx_word' id='word_1_145' title='bbox 853 1945 889 2012; x_wconf 88' lang='grc' dir='ltr'><strong><em>τδι</em></strong></span> <span class='ocrx_word' id='word_1_146' title='bbox 916 1950 1044 2028; x_wconf 72' lang='grc' dir='ltr'><strong><em>λείψανα</em></strong></span> <span class='ocrx_word' id='word_1_147' title='bbox 1071 1946 1194 2024; x_wconf 73' lang='grc' dir='ltr'><strong><em>συνθεὶς</em></strong></span> 
     </span>
     <span class='ocr_line' id='line_1_19' title="bbox 176 2041 1194 2130; baseline -0.004 -16"><span class='ocrx_word' id='word_1_148' title='bbox 176 2051 217 2126; x_wconf 83' lang='grc' dir='ltr'><strong><em>εἰς</em></strong></span> <span class='ocrx_word' id='word_1_149' title='bbox 235 2045 343 2112; x_wconf 86' lang='grc' dir='ltr'><strong><em>κάλπιν</em></strong></span> <span class='ocrx_word' id='word_1_150' title='bbox 362 2043 496 2130; x_wconf 85' lang='grc' dir='ltr'><strong><em>άργυρᾶν</em></strong></span> <span class='ocrx_word' id='word_1_151' title='bbox 513 2046 564 2110; x_wconf 83' lang='grc' dir='ltr'><strong><em>καλ</em></strong></span> <span class='ocrx_word' id='word_1_152' title='bbox 581 2052 712 2130; x_wconf 81' lang='grc' dir='ltr'><strong><em>χρυσοῦν</em></strong></span> <span class='ocrx_word' id='word_1_153' title='bbox 731 2044 867 2130; x_wconf 75' lang='grc' dir='ltr'><strong><em>ἐμβαλὼν</em></strong></span> <span class='ocrx_word' id='word_1_154' title='bbox 881 2045 1028 2126; x_wconf 87' lang='grc' dir='ltr'><strong><em>στέφανον</em></strong></span> <span class='ocrx_word' id='word_1_155' title='bbox 1046 2041 1194 2110; x_wconf 87' lang='grc' dir='ltr'><strong><em>άπέστειλε</em></strong></span> 
     </span>
     <span class='ocr_line' id='line_1_20' title="bbox 175 2137 1309 2229; baseline -0.004 -18"><span class='ocrx_word' id='word_1_156' title='bbox 175 2143 251 2229; x_wconf 87' lang='grc' dir='ltr'><strong><em>πρός</em></strong></span> <span class='ocrx_word' id='word_1_157' title='bbox 277 2142 329 2209; x_wconf 85' lang='grc' dir='ltr'><strong><em>τόν</em></strong></span> <span class='ocrx_word' id='word_1_158' title='bbox 356 2140 432 2208; x_wconf 83' lang='grc' dir='ltr'><strong><em>υἱόν.</em></strong></span> <span class='ocrx_word' id='word_1_159' title='bbox 472 2147 539 2207; x_wconf 77' lang='grc' dir='ltr'><strong><em>Τῶν</em></strong></span> <span class='ocrx_word' id='word_1_160' title='bbox 567 2141 599 2206; x_wconf 84' lang='grc' dir='ltr'><strong><em>δέ</em></strong></span> <span class='ocrx_word' id='word_1_161' title='bbox 622 2140 777 2226; x_wconf 89' lang='grc' dir='ltr'><strong><em>Νομάδων</em></strong></span> <span class='ocrx_word' id='word_1_162' title='bbox 802 2142 878 2220; x_wconf 76' lang='grc' dir='ltr'><strong><em>τινές</em></strong></span> <span class='ocrx_word' id='word_1_163' title='bbox 905 2137 1107 2227; x_wconf 82' lang='grc' dir='ltr'><strong><em>περιτυχόντες</em></strong></span> <span class='ocrx_word' id='word_1_164' title='bbox 1133 2150 1194 2220; x_wconf 86' lang='grc' dir='ltr'><strong><em>τοῖς</em></strong></span> <span class='ocrx_word' id='word_1_165' title='bbox 1308 2209 1309 2222; x_wconf 29' lang='grc' dir='ltr'><strong><em>χ</em></strong></span> 
     </span>
     <span class='ocr_line' id='line_1_21' title="bbox 175 2236 1309 2326; baseline -0.007 -17"><span class='ocrx_word' id='word_1_166' title='bbox 175 2246 347 2326; x_wconf 82' lang='grc' dir='ltr'><strong><em>κομίζουσιν</em></strong></span> <span class='ocrx_word' id='word_1_167' title='bbox 383 2237 523 2324; x_wconf 85' lang='grc' dir='ltr'><strong><em>όόρμησαν</em></strong></span> <span class='ocrx_word' id='word_1_168' title='bbox 559 2237 754 2324; x_wconf 83' lang='grc' dir='ltr'><strong><em>άφαιρεῖσθαι</em></strong></span> <span class='ocrx_word' id='word_1_169' title='bbox 790 2237 821 2306; x_wconf 88' lang='grc' dir='ltr'><strong><em>τὸ</em></strong></span> <span class='ocrx_word' id='word_1_170' title='bbox 858 2246 978 2324; x_wconf 81' lang='grc' dir='ltr'><strong><em>τεῦχος,</em></strong></span> <span class='ocrx_word' id='word_1_171' title='bbox 1014 2236 1192 2323; x_wconf 87' lang='grc' dir='ltr'><strong><em>άντιλαμβα-</em></strong></span> <span class='ocrx_word' id='word_1_172' title='bbox 1208 2256 1237 2296; x_wconf 74' lang='lat'><strong><em>20</em></strong></span> <span class='ocrx_word' id='word_1_173' title='bbox 1308 2239 1309 2278; x_wconf 53' lang='grc' dir='ltr'><strong><em>λ</em></strong></span> 
     </span>
     <span class='ocr_line' id='line_1_22' title="bbox 177 2333 1193 2422; baseline -0.004 -18"><span class='ocrx_word' id='word_1_174' title='bbox 177 2339 312 2422; x_wconf 84' lang='grc' dir='ltr'><strong><em>νομένων</em></strong></span> <span class='ocrx_word' id='word_1_175' title='bbox 335 2335 364 2400; x_wconf 86' lang='grc' dir='ltr'><strong><em>δ’</em></strong></span> <span class='ocrx_word' id='word_1_176' title='bbox 391 2339 512 2402; x_wconf 86' lang='grc' dir='ltr'><strong><em>ἐκείνων</em></strong></span> <span class='ocrx_word' id='word_1_177' title='bbox 541 2335 744 2421; x_wconf 77' lang='grc' dir='ltr'><strong><em>ἐκβιαζόμενοι</em></strong></span> <span class='ocrx_word' id='word_1_178' title='bbox 770 2337 821 2400; x_wconf 83' lang='grc' dir='ltr'><strong><em>καί</em></strong></span> <span class='ocrx_word' id='word_1_179' title='bbox 848 2333 1007 2420; x_wconf 90' lang='grc' dir='ltr'><strong><em>μαχόμενοι</em></strong></span> <span class='ocrx_word' id='word_1_180' title='bbox 1035 2335 1193 2420; x_wconf 73' lang='grc' dir='ltr'><strong><em>διέρριψαν</em></strong></span> 
     </span>
     <span class='ocr_line' id='line_1_23' title="bbox 175 2427 1193 2518; baseline -0.004 -17"><span class='ocrx_word' id='word_1_181' title='bbox 175 2434 210 2502; x_wconf 88' lang='grc' dir='ltr'><strong><em>τδι</em></strong></span> <span class='ocrx_word' id='word_1_182' title='bbox 238 2432 318 2501; x_wconf 83' lang='grc' dir='ltr'><strong><em>όστά.</em></strong></span> <span class='ocrx_word' id='word_1_183' title='bbox 355 2431 529 2517; x_wconf 85' lang='grc' dir='ltr'><strong><em>πυθόμενος</em></strong></span> <span class='ocrx_word' id='word_1_184' title='bbox 557 2434 589 2498; x_wconf 81' lang='grc' dir='ltr'><strong><em>δέ</em></strong></span> <span class='ocrx_word' id='word_1_185' title='bbox 608 2431 747 2518; x_wconf 84' lang='grc' dir='ltr'><strong><em>Ἀννίβας</em></strong></span> <span class='ocrx_word' id='word_1_186' title='bbox 773 2435 824 2498; x_wconf 83' lang='grc' dir='ltr'><strong><em>καί</em></strong></span> <span class='ocrx_word' id='word_1_187' title='bbox 851 2431 925 2518; x_wconf 88' lang='grc' dir='ltr'><strong><em>πρός</em></strong></span> <span class='ocrx_word' id='word_1_188' title='bbox 951 2430 1021 2510; x_wconf 79' lang='grc' dir='ltr'><strong><em>τοὺς</em></strong></span> <span class='ocrx_word' id='word_1_189' title='bbox 1043 2427 1193 2517; x_wconf 87' lang='grc' dir='ltr'><strong><em>παρόντας</em></strong></span> 
     </span>
     <span class='ocr_line' id='line_1_24' title="bbox 176 2527 1193 2616; baseline -0.005 -16"><span class='ocrx_word' id='word_1_190' title='bbox 176 2529 268 2600; x_wconf 83' lang='grc' dir='ltr'><strong><em>εέπδν</em></strong></span> <span class='ocrx_word' id='word_1_191' title='bbox 287 2528 405 2597; x_wconf 62' lang='grc' dir='ltr'><strong><em>Ὀόδέν</em></strong></span> <span class='ocrx_word' id='word_1_192' title='bbox 418 2527 477 2613; x_wconf 85' lang='grc' dir='ltr'><strong><em>άρα</em></strong></span> <span class='ocrx_word' id='word_1_193' title='bbox 491 2527 620 2596; x_wconf 88' lang='grc' dir='ltr'><strong><em>δυνατὸν</em></strong></span> <span class='ocrx_word' id='word_1_194' title='bbox 641 2529 781 2616; x_wconf 85' lang='grc' dir='ltr'><strong><em>γενέσθαι</em></strong></span> <span class='ocrx_word' id='word_1_195' title='bbox 803 2528 927 2608; x_wconf 84' lang='grc' dir='ltr'><strong><em>άκοντος</em></strong></span> <span class='ocrx_word' id='word_1_196' title='bbox 945 2528 1037 2595; x_wconf 85' lang='grc' dir='ltr'><strong><em>θεοῦ’</em></strong></span> <span class='ocrx_word' id='word_1_197' title='bbox 1059 2538 1121 2607; x_wconf 82' lang='grc' dir='ltr'><strong><em>τοῖς</em></strong></span> <span class='ocrx_word' id='word_1_198' title='bbox 1139 2529 1193 2614; x_wconf 87' lang='grc' dir='ltr'><strong><em>μέν</em></strong></span> 
     </span>
     <span class='ocr_line' id='line_1_25' title="bbox 176 2623 1191 2714; baseline -0.005 -18"><span class='ocrx_word' id='word_1_199' title='bbox 176 2627 316 2714; x_wconf 88' lang='grc' dir='ltr'><strong><em>Νομάσιν</em></strong></span> <span class='ocrx_word' id='word_1_200' title='bbox 335 2630 483 2712; x_wconf 84' lang='grc' dir='ltr'><strong><em>ἐπέθηκεν</em></strong></span> <span class='ocrx_word' id='word_1_201' title='bbox 502 2631 599 2711; x_wconf 85' lang='grc' dir='ltr'><strong><em>δίκην,</em></strong></span> <span class='ocrx_word' id='word_1_202' title='bbox 623 2625 719 2694; x_wconf 84' lang='grc' dir='ltr'><strong><em>οάκέτι</em></strong></span> <span class='ocrx_word' id='word_1_203' title='bbox 738 2625 770 2693; x_wconf 85' lang='grc' dir='ltr'><strong><em>δέ</em></strong></span> <span class='ocrx_word' id='word_1_204' title='bbox 788 2631 914 2712; x_wconf 83' lang='grc' dir='ltr'><strong><em>κομιδῆς</em></strong></span> <span class='ocrx_word' id='word_1_205' title='bbox 932 2623 952 2711; x_wconf 91' lang='grc' dir='ltr'><strong><em>ή</em></strong></span> <span class='ocrx_word' id='word_1_206' title='bbox 972 2633 1115 2712; x_wconf 79' lang='grc' dir='ltr'><strong><em>συλλογῆς</em></strong></span> <span class='ocrx_word' id='word_1_207' title='bbox 1133 2634 1191 2692; x_wconf 79' lang='grc' dir='ltr'><strong><em>τῶν</em></strong></span> 
     </span>
     <span class='ocr_line' id='line_1_26' title="bbox 176 2715 1309 2810; baseline -0.004 -17"><span class='ocrx_word' id='word_1_208' title='bbox 176 2724 330 2810; x_wconf 83' lang='grc' dir='ltr'><strong><em>λειψάνων</em></strong></span> <span class='ocrx_word' id='word_1_209' title='bbox 348 2724 530 2810; x_wconf 79' lang='grc' dir='ltr'><strong><em>ἐφρόντισεν,</em></strong></span> <span class='ocrx_word' id='word_1_210' title='bbox 545 2722 584 2803; x_wconf 78' lang='grc' dir='ltr'><strong><em>ὥς</em></strong></span> <span class='ocrx_word' id='word_1_211' title='bbox 603 2724 641 2809; x_wconf 87' lang='grc' dir='ltr'><strong><em>δή</em></strong></span> <span class='ocrx_word' id='word_1_212' title='bbox 660 2724 733 2790; x_wconf 76' lang='grc' dir='ltr'><strong><em>κατὰ</em></strong></span> <span class='ocrx_word' id='word_1_213' title='bbox 751 2721 827 2792; x_wconf 81' lang='grc' dir='ltr'><strong><em>θεόν</em></strong></span> <span class='ocrx_word' id='word_1_214' title='bbox 844 2753 911 2792; x_wconf 90' lang='grc' dir='ltr'><strong><em>τινα</em></strong></span> <span class='ocrx_word' id='word_1_215' title='bbox 928 2726 978 2790; x_wconf 79' lang='grc' dir='ltr'><strong><em>καλ</em></strong></span> <span class='ocrx_word' id='word_1_216' title='bbox 995 2732 1047 2810; x_wconf 81' lang='grc' dir='ltr'><strong><em>τῆς</em></strong></span> <span class='ocrx_word' id='word_1_217' title='bbox 1060 2729 1190 2806; x_wconf 80' lang='grc' dir='ltr'><strong><em>τελευτῆς</em></strong></span> <span class='ocrx_word' id='word_1_218' title='bbox 1205 2740 1233 2782; x_wconf 76' lang='lat'><strong><em>²⁶</em></strong></span> <span class='ocrx_word' id='word_1_219' title='bbox 1308 2715 1309 2744; x_wconf 62' lang='lat'>³</span> 
     </span>
     <span class='ocr_line' id='line_1_27' title="bbox 176 2821 1191 2912; baseline -0.003 -22"><span class='ocrx_word' id='word_1_220' title='bbox 176 2826 227 2890; x_wconf 82' lang='grc' dir='ltr'><strong><em>καλ</em></strong></span> <span class='ocrx_word' id='word_1_221' title='bbox 248 2832 301 2908; x_wconf 86' lang='grc' dir='ltr'><strong><em>τής</em></strong></span> <span class='ocrx_word' id='word_1_222' title='bbox 323 2821 451 2907; x_wconf 86' lang='grc' dir='ltr'><strong><em>άταφίας</em></strong></span> <span class='ocrx_word' id='word_1_223' title='bbox 473 2822 648 2908; x_wconf 90' lang='grc' dir='ltr'><strong><em>παραλόγως</em></strong></span> <span class='ocrx_word' id='word_1_224' title='bbox 671 2821 747 2891; x_wconf 83' lang='grc' dir='ltr'><strong><em>οότοο</em></strong></span> <span class='ocrx_word' id='word_1_225' title='bbox 769 2830 810 2912; x_wconf 79' lang='grc' dir='ltr'><strong><em>τῷ</em></strong></span> <span class='ocrx_word' id='word_1_226' title='bbox 833 2823 1000 2910; x_wconf 79' lang='grc' dir='ltr'><strong><em>Μαρκέλλῳ</em></strong></span> <span class='ocrx_word' id='word_1_227' title='bbox 1023 2822 1191 2909; x_wconf 82' lang='grc' dir='ltr'><strong><em>γενομένης.</em></strong></span> 
     </span>
     <span class='ocr_line' id='line_1_28' title="bbox 179 2915 1192 3006; baseline -0.002 -18"><span class='ocrx_word' id='word_1_228' title='bbox 179 2930 278 2992; x_wconf 72' lang='grc' dir='ltr'><strong><em>Ταῦτα,</em></strong></span> <span class='ocrx_word' id='word_1_229' title='bbox 301 2922 356 3005; x_wconf 79' lang='grc' dir='ltr'><strong><em>μέν</em></strong></span> <span class='ocrx_word' id='word_1_230' title='bbox 378 2915 435 2988; x_wconf 83' lang='grc' dir='ltr'><strong><em>οδν</em></strong></span> <span class='ocrx_word' id='word_1_231' title='bbox 461 2924 493 2988; x_wconf 84' lang='grc' dir='ltr'><strong><em>οἱ</em></strong></span> <span class='ocrx_word' id='word_1_232' title='bbox 517 2923 584 3006; x_wconf 76' lang='grc' dir='ltr'><strong><em>περὶ</em></strong></span> <span class='ocrx_word' id='word_1_233' title='bbox 606 2919 776 3006; x_wconf 87' lang='grc' dir='ltr'><strong><em>Κορνήλιον</em></strong></span> <span class='ocrx_word' id='word_1_234' title='bbox 799 2923 928 2987; x_wconf 90' lang='grc' dir='ltr'><strong><em>Νέπωτα</em></strong></span> <span class='ocrx_word' id='word_1_235' title='bbox 954 2922 1005 2985; x_wconf 83' lang='grc' dir='ltr'><strong><em>καί</em></strong></span> <span class='ocrx_word' id='word_1_236' title='bbox 1030 2918 1192 3005; x_wconf 77' lang='grc' dir='ltr'><strong><em>Οὐαλέριον</em></strong></span> 
     </span>
     <span class='ocr_line' id='line_1_29' title="bbox 177 3014 541 3104; baseline 0 -20"><span class='ocrx_word' id='word_1_237' title='bbox 177 3019 323 3104; x_wconf 80' lang='grc' dir='ltr'><strong><em>Μάξιμον</em></strong></span> <span class='ocrx_word' id='word_1_238' title='bbox 345 3014 541 3104; x_wconf 74' lang='grc' dir='ltr'><strong><em>ἱστορήκασιν.</em></strong></span> 
     </span>
    </p>

    <p class='ocr_par' dir='ltr' id='par_1_5' title="bbox 177 3081 1309 3389">
     <span class='ocr_line' id='line_1_30' title="bbox 266 3124 1195 3210; baseline -0.005 -18"><span class='ocrx_word' id='word_1_239' title='bbox 266 3124 301 3193; x_wconf 87' lang='grc'><strong><em>9.</em></strong></span> <span class='ocrx_word' id='word_1_240' title='bbox 325 3130 476 3192; x_wconf 71' lang='lat' dir='ltr'><strong>Seruari</strong></span> <span class='ocrx_word' id='word_1_241' title='bbox 499 3129 586 3206; x_wconf 74' lang='lat' dir='ltr'><em>Vera.</em></span> <span class='ocrx_word' id='word_1_242' title='bbox 605 3129 679 3192; x_wconf 77' lang='lat' dir='ltr'><strong><em>Aen.</em></strong></span> <span class='ocrx_word' id='word_1_243' title='bbox 699 3131 720 3190; x_wconf 95' lang='grc' dir='ltr'><em>Ι</em></span> <span class='ocrx_word' id='word_1_244' title='bbox 738 3129 805 3192; x_wconf 80' lang='grc'><strong><em>368</em></strong></span> <span class='ocrx_word' id='word_1_245' title='bbox 837 3127 983 3210; x_wconf 76' lang='lat' dir='ltr'><strong>Carthago</strong></span> <span class='ocrx_word' id='word_1_246' title='bbox 1006 3130 1195 3190; x_wconf 69' lang='lat' dir='ltr'><strong>animantur</strong></span> 
     </span>
     <span class='ocr_line' id='line_1_31' title="bbox 177 3216 1234 3300; baseline 0.002 -22"><span class='ocrx_word' id='word_1_247' title='bbox 177 3221 307 3298; x_wconf 79' lang='lat' dir='ltr'><strong>speciem</strong></span> <span class='ocrx_word' id='word_1_248' title='bbox 321 3217 425 3280; x_wconf 80' lang='lat' dir='ltr'><strong>habuit</strong></span> <span class='ocrx_word' id='word_1_249' title='bbox 440 3217 567 3298; x_wconf 84' lang='lat' dir='ltr'><strong>duplicis</strong></span> <span class='ocrx_word' id='word_1_250' title='bbox 582 3218 692 3300; x_wconf 84' lang='lat' dir='ltr'><strong>oppidi,</strong></span> <span class='ocrx_word' id='word_1_251' title='bbox 703 3221 788 3299; x_wconf 85' lang='lat' dir='ltr'>quasi</span> <span class='ocrx_word' id='word_1_252' title='bbox 802 3218 881 3281; x_wconf 80' lang='lat' dir='ltr'><strong>aliud</strong></span> <span class='ocrx_word' id='word_1_253' title='bbox 896 3217 1023 3280; x_wconf 81' lang='lat' dir='ltr'><strong>aiterum</strong></span> <span class='ocrx_word' id='word_1_254' title='bbox 1037 3216 1193 3298; x_wconf 73' lang='lat' dir='ltr'><strong>amplecte·</strong></span> <span class='ocrx_word' id='word_1_255' title='bbox 1208 3230 1234 3271; x_wconf 76' lang='lat'><strong><em>³⁰</em></strong></span> 
     </span>
     <span class='ocr_line' id='line_1_32' title="bbox 177 3305 1191 3389; baseline -0.002 -21"><span class='ocrx_word' id='word_1_256' title='bbox 177 3314 271 3388; x_wconf 86' lang='lat' dir='ltr'><strong>retur,</strong></span> <span class='ocrx_word' id='word_1_257' title='bbox 290 3308 376 3368; x_wconf 86' lang='lat' dir='ltr'><strong>cuius</strong></span> <span class='ocrx_word' id='word_1_258' title='bbox 395 3309 521 3369; x_wconf 86' lang='lat' dir='ltr'><strong>interior</strong></span> <span class='ocrx_word' id='word_1_259' title='bbox 538 3325 608 3387; x_wconf 80' lang='lat' dir='ltr'><strong>pars</strong></span> <span class='ocrx_word' id='word_1_260' title='bbox 623 3306 714 3388; x_wconf 83' lang='lat' dir='ltr'>Byrsa</span> <span class='ocrx_word' id='word_1_261' title='bbox 734 3305 897 3389; x_wconf 80' lang='lat' dir='ltr'><strong>dicebatur,</strong></span> <span class='ocrx_word' id='word_1_262' title='bbox 917 3308 1047 3369; x_wconf 81' lang='lat' dir='ltr'><strong>exterior</strong></span> <span class='ocrx_word' id='word_1_263' title='bbox 1061 3305 1191 3386; x_wconf 81' lang='lat' dir='ltr'><strong>Magalia.</strong></span> 
     </span>
    </p>
   </div>
   <div class='ocr_carea' id='block_1_3' title="bbox 176 3393 1194 3548">
    <p class='ocr_par' dir='ltr' id='par_1_6' title="bbox 176 3393 1194 3548">
     <span class='ocr_line' id='line_1_33' title="bbox 176 3393 1194 3478; baseline 0.002 -22"><span class='ocrx_word' id='word_1_264' title='bbox 176 3393 267 3456; x_wconf 91' lang='lat' dir='ltr'><strong>huius</strong></span> <span class='ocrx_word' id='word_1_265' title='bbox 289 3397 336 3458; x_wconf 85' lang='lat' dir='ltr'><strong>rei</strong></span> <span class='ocrx_word' id='word_1_266' title='bbox 358 3399 444 3457; x_wconf 84' lang='lat' dir='ltr'><strong>testis</strong></span> <span class='ocrx_word' id='word_1_267' title='bbox 468 3404 514 3458; x_wconf 88' lang='lat' dir='ltr'><strong><em>est</em></strong></span> <span class='ocrx_word' id='word_1_268' title='bbox 533 3395 689 3458; x_wconf 83' lang='lat' dir='ltr'><strong>Cornelius</strong></span> <span class='ocrx_word' id='word_1_269' title='bbox 712 3394 811 3476; x_wconf 82' lang='lat' dir='ltr'>Nepos</span> <span class='ocrx_word' id='word_1_270' title='bbox 835 3398 866 3458; x_wconf 86' lang='lat' dir='ltr'><strong>iu</strong></span> <span class='ocrx_word' id='word_1_271' title='bbox 889 3415 924 3458; x_wconf 85' lang='lat' dir='ltr'><strong><em>eo</em></strong></span> <span class='ocrx_word' id='word_1_272' title='bbox 948 3395 1033 3478; x_wconf 89' lang='lat' dir='ltr'><strong>libro,</strong></span> <span class='ocrx_word' id='word_1_273' title='bbox 1058 3397 1109 3478; x_wconf 91' lang='lat' dir='ltr'><strong>qui</strong></span> <span class='ocrx_word' id='word_1_274' title='bbox 1132 3395 1194 3458; x_wconf 82' lang='lat' dir='ltr'><strong>uita</strong></span> 
     </span>
     <span class='ocr_line' id='line_1_34' title="bbox 176 3483 544 3548; baseline 0.003 -3"><span class='ocrx_word' id='word_1_275' title='bbox 176 3483 338 3546; x_wconf 75' lang='lat' dir='ltr'><strong>illustrium</strong></span> <span class='ocrx_word' id='word_1_276' title='bbox 361 3483 544 3548; x_wconf 87' lang='lat' dir='ltr'><strong>inscribitur.</strong></span> 
     </span>
    </p>
   </div>
   <div class='ocr_carea' id='block_1_4' title="bbox 242 3593 1309 3680">
    <p class='ocr_par' dir='ltr' id='par_1_7' title="bbox 242 3593 1309 3680">
     <span class='ocr_line' id='line_1_35' title="bbox 242 3593 1309 3680; baseline 0.002 -16"><span class='ocrx_word' id='word_1_277' title='bbox 242 3622 246 3630; x_wconf 91' lang='lat'><em>·</em></span> <span class='ocrx_word' id='word_1_278' title='bbox 270 3595 352 3666; x_wconf 73' lang='lat'><strong>10²⁸.</strong></span> <span class='ocrx_word' id='word_1_279' title='bbox 367 3603 446 3664; x_wconf 87' lang='grc' dir='ltr'><strong><em>Ρίυί.</em></strong></span> <span class='ocrx_word' id='word_1_280' title='bbox 464 3602 526 3664; x_wconf 73' lang='lat' dir='ltr'><strong>Tit.</strong></span> <span class='ocrx_word' id='word_1_281' title='bbox 545 3604 675 3666; x_wconf 69' lang='lat' dir='ltr'><strong>Gracci.</strong></span> <span class='ocrx_word' id='word_1_282' title='bbox 690 3601 731 3664; x_wconf 82' lang='lat'><strong><em>21</em></strong></span> <span class='ocrx_word' id='word_1_283' title='bbox 754 3601 860 3666; x_wconf 82' lang='grc' dir='ltr'><strong><em>Καίτοι</em></strong></span> <span class='ocrx_word' id='word_1_284' title='bbox 873 3599 984 3676; x_wconf 84' lang='grc' dir='ltr'><strong><em>Νέπως</em></strong></span> <span class='ocrx_word' id='word_1_285' title='bbox 997 3593 1013 3664; x_wconf 86' lang='grc' dir='ltr'><strong>ὁ</strong></span> <span class='ocrx_word' id='word_1_286' title='bbox 1028 3594 1195 3680; x_wconf 78' lang='grc' dir='ltr'><strong><em>Κορνήλιός</em></strong></span> <span class='ocrx_word' id='word_1_287' title='bbox 1308 3651 1309 3666; x_wconf 44' lang='lat' dir='ltr'><strong>t</strong></span> 
     </span>
    </p>
   </div>
   <div class='ocr_carea' id='block_1_5' title="bbox 1307 3709 1309 3818">
    <p class='ocr_par' dir='ltr' id='par_1_8' title="bbox 1307 3709 1309 3818">
     <span class='ocr_line' id='line_1_36' title="bbox 1307 3709 1309 3818; baseline 0 0"><span class='ocrx_word' id='word_1_288' title='bbox 1307 3709 1309 3818; x_wconf 80' lang='lat' dir='ltr'><strong>t</strong></span> 
     </span>
    </p>
   </div>
   <div class='ocr_carea' id='block_1_6' title="bbox 0 0 1325 4056">
    <p class='ocr_par' dir='ltr' id='par_1_9' title="bbox 0 0 1325 4056">
     <span class='ocr_line' id='line_1_37' title="bbox 0 0 1325 4056; baseline 0 0"><span class='ocrx_word' id='word_1_289' title='bbox 0 0 1325 4056; x_wconf 95' lang='lat' dir='ltr'><strong><em> </em></strong></span> 
     </span>
    </p>
   </div>
  </div>
 </body>
</html>
