2670 4058
190 253 254 320 166
527 246 869 306 venaanmrmms

148 403 327 483 hdiemque
346 419 363 462 a
382 400 503 480 collegis
521 399 644 479 prodici.
677 398 818 461 tribunus
836 399 932 480 plebis
951 417 987 460 eo
1006 406 1141 478 tempore
1159 395 1205 458 ii.

187 492 384 571 Sempronius
404 489 556 552 Gracchus
575 496 647 570 erat,
667 490 716 550 eui
734 490 907 552 inimicitiae
926 507 996 550 cum
1013 487 1046 549 P.
1066 486 1206 566 Scipione

188 579 422 644 intercedebant.
454 581 481 640 is
495 597 562 642 cum
578 579 724 640 uetuisset
743 596 851 641 nomen
870 597 960 640 suum
978 577 1099 640 decreto
1118 575 1205 638 colle·

188 688 292 750 garum
320 668 463 750 adscribi,
485 669 709 748 tristioremque
737 685 840 730 omncs
868 669 1045 730 sententiam
1069 673 1205 746 expecta·

189 767 266 840 rent,
289 762 331 821 ita
353 758 497 838 decreuit,
521 775 590 819 cum
608 756 640 818 L.
660 757 763 837 Scipio
786 764 959 820 excusasset
981 755 1120 818 morbum
1138 765 1234 816 esses

188 866 295 910 causae
318 847 413 928 fratri,
435 849 508 909 satis
530 846 561 908 id
585 845 644 908 sibi
665 847 771 909 uideri.
800 865 832 908 se
854 847 887 909 P.
907 847 1086 927 Scipionem,
1108 847 1206 924 prius·
1314 833 1315 898 l

189 955 277 1018 quam
292 936 415 999 Romam
429 935 566 1017 redisset,
581 937 716 998 accusari
730 954 788 997 non
804 955 972 1016 passurum.
996 943 1060 998 tum
1077 953 1207 1015 quoque,

189 1029 216 1088 si
239 1044 271 1088 se
294 1024 431 1107 adpellet,
454 1025 563 1088 auxilio
587 1028 616 1086 ei
639 1026 783 1108 futurum,
802 1044 839 1088 ne
864 1043 983 1087 causam
1002 1025 1090 1087 dicet.
1121 1023 1156 1086 ad
1175 1024 1206 1087 id

188 1117 340 1196 fastigium
350 1115 441 1177 rebus
454 1117 556 1196 gestis,
567 1113 732 1177 bonoribus
746 1114 1025 1194 populiRomaniP.
1036 1115 1206 1194 Scipionem
1315 1189 1316 1204 ,

188 1204 313 1267 deorum
336 1204 549 1284 hominumque
573 1221 723 1266 consensu
745 1206 934 1286 peruenisse,
957 1211 992 1266 ut
1019 1203 1076 1266 sub
1098 1205 1206 1266 rostris
1221 1213 1249 1254 1⁰

189 1312 274 1356 reum
297 1302 376 1355 stare
400 1302 430 1355 et
452 1293 597 1373 praebere
620 1312 709 1355 aures
732 1293 968 1356 adolescentium
990 1294 1137 1356 conuiciis
1155 1310 1206 1372 po·

158 1383 171 1438 i
189 1382 263 1468 pulo,
278 1383 411 1444 Romano
430 1385 524 1464 magis
542 1382 676 1445 deforme
695 1400 784 1463 quam
802 1385 862 1464 ipsi
880 1385 928 1444 sit.
951 1377 993 1468 (c.
1008 1377 1074 1464 53.)
1098 1381 1207 1442 adiecit

189 1473 309 1534 decreto
328 1472 576 1552 indignationem:
596 1467 671 1533 ‘Sub
688 1471 816 1551 pedibus
834 1475 946 1535 uestris
965 1472 1064 1553 stabit,
1082 1470 1206 1550 tribuni,

189 1562 317 1624 domitor
331 1561 380 1623 ille
390 1563 507 1623 Africae
522 1557 645 1642 Scipio?
658 1560 726 1623 ideo
741 1569 882 1642 quattuor
897 1562 1099 1624 nobilissimos
1113 1560 1205 1622 duces
1315 1539 1317 1632 l

187 1649 356 1713 Poenorum
388 1653 419 1711 in
447 1648 601 1730 Hispania,
630 1657 771 1730 quattuor
800 1654 950 1714 exereitus
978 1651 1055 1713 ludit
1082 1650 1205 1731 fugauit,
1221 1657 1248 1699 1⁵
1316 1645 1317 1662 ¹

188 1740 254 1801 idco
266 1739 432 1821 Syphacem
446 1741 534 1821 cepit,
548 1738 743 1801 Hannibalem
758 1740 881 1823 deuicit,
890 1740 1098 1820 Carthaginem
1112 1741 1205 1801 uecti-

187 1827 282 1908 galem
305 1827 392 1889 nobis
410 1828 494 1908 lecit,
517 1827 695 1890 Antiochum
723 1822 854 1914 (recepit
880 1832 960 1892 enim
987 1831 1109 1892 fratrem
1136 1846 1205 1890 cou-
1316 1819 1317 1908 J

188 1926 300 1979 sortem
322 1917 412 1979 huius
435 1916 546 1998 gloriae
568 1917 600 1978 L.
626 1913 742 2001 Scipio)
769 1918 848 1982 ultra
870 1920 962 1982 Tauri
988 1921 1057 1999 iuga
1084 1919 1206 2000 emouit,

188 2015 222 2069 ut
245 2006 361 2071 duobus
384 2005 509 2068 Petilliis
533 2007 757 2089 succumberet,
784 2027 840 2071 uos
867 2009 905 2071 de
928 2008 959 2071 P.
982 2008 1120 2070 Africano
1143 2006 1204 2088 pal-

149 2146 152 2152 .
187 2115 265 2157 mam
288 2091 453 2176 peteretis?
475 2093 604 2158 nullisne
627 2099 743 2158 meritis
766 2100 842 2178 suis,
865 2098 955 2162 nullis
979 2099 1089 2160 uestris
1112 2096 1204 2160 hono·
1219 2105 1248 2148 2⁰

188 2186 273 2247 ribus
297 2202 437 2264 umquam
460 2187 492 2246 in
515 2203 614 2248 arcem
632 2193 728 2248 tutam
747 2195 777 2248 et
795 2188 879 2250 uelut
897 2196 1029 2250 sanctam
1048 2187 1122 2250 clari
1144 2188 1206 2249 uiri

188 2275 375 2355 peruenient,
388 2273 450 2355 ubi,
464 2276 491 2335 si
503 2292 564 2335 non
578 2274 768 2359 uenerabilis,
782 2276 924 2339 inuiolata
939 2276 1044 2338 saltem
1064 2283 1203 2338 senectus

188 2380 293 2423 eorum
312 2358 486 2425 considat?’
513 2363 607 2426 Mouit
626 2372 656 2426 et
675 2364 830 2428 decretum
848 2375 878 2428 et
897 2365 1012 2427 adiecta
1029 2367 1124 2426 oratio
1143 2383 1203 2427 non

188 2459 305 2512 ceteros
323 2451 420 2533 modo,
439 2451 492 2514 sed
510 2454 592 2533 ipsos
611 2456 701 2516 etiam
719 2463 917 2536 accusatores,
937 2462 967 2515 et
985 2453 1202 2516 debboraturos

148 2542 170 2598 k
188 2558 230 2618 se,
253 2540 325 2620 quid
348 2543 423 2602 iuris
446 2543 494 2604 sui
513 2548 543 2604 et
560 2543 652 2604 officii
670 2551 758 2625 esset,
777 2543 925 2606 dixerunt.
954 2551 1075 2606 senatus
1094 2543 1202 2606 deinde
1218 2552 1245 2594 ²⁵

188 2628 314 2692 concilio
337 2629 432 2710 plebis
455 2631 578 2693 dimisso
601 2631 707 2694 haberi
729 2640 776 2694 est
797 2641 930 2714 coeptus
958 2631 1001 2693 ibi
1023 2633 1135 2712 gratiae
1158 2633 1203 2693 in·

187 2727 290 2799 gentes
305 2719 341 2781 ab
356 2722 499 2782 uniuerso
513 2720 626 2804 ordine,
641 2724 802 2802 praecipue
821 2740 838 2782 a
851 2720 1060 2783 consularibus
1078 2721 1202 2780 seniori·

187 2807 317 2890 busque,
340 2807 385 2871 Ti.
408 2807 543 2871 Graccho
566 2818 650 2872 actae
672 2818 756 2891 sunt,
780 2811 859 2891 quod
882 2827 946 2871 rem
969 2807 1120 2888 publicam
1142 2810 1201 2888 pri·

187 2899 265 2960 uatis
284 2897 484 2960 simultatibus
498 2901 645 2978 potiorem
659 2898 821 2980 habuisset,
840 2907 871 2960 et
884 2896 995 2960 Petillii
1014 2899 1113 2961 uexati
1131 2906 1202 2960 sunt

187 2985 315 3068 probris,
339 2987 419 3067 quod
442 2987 600 3068 splendere
623 2988 717 3048 aliena
740 2987 853 3048 inuidia
871 2986 1041 3049 uoluissent
1058 2994 1088 3048 et
1108 2986 1242 3067 spoliato

158 3075 224 3136 lex
247 3074 378 3137 Africani
401 3077 554 3156 triumpho
577 3084 722 3158 peterent.
759 3074 912 3139 silentium
935 3076 1043 3139 deinde
1066 3075 1103 3138 de
1126 3076 1203 3137 lhi-

99 3191 101 3198 v
188 3182 262 3226 cano
277 3164 341 3225 luit.
361 3167 454 3226 uitam
467 3166 582 3227 Literni
596 3167 658 3244 egit
671 3167 736 3226 sine
750 3165 899 3229 desiderio
914 3166 1006 3229 urbis.
1024 3168 1201 3228 morientem

187 3270 258 3314 rure
283 3271 318 3314 eo
342 3255 406 3334 ipso
424 3254 490 3316 loeo
508 3253 630 3334 sepeliri
648 3273 681 3316 se
700 3256 824 3318 iussisse
843 3256 945 3318 lerunt
961 3262 1201 3318 monumentum·

188 3358 246 3421 que
270 3340 313 3403 ibi
335 3343 498 3424 aedificari,
520 3362 558 3406 ne
582 3343 672 3406 funus
697 3343 755 3406 sibi
782 3347 813 3406 in
840 3347 956 3426 ingrata
982 3346 1079 3424 patria
1105 3343 1200 3405 lieret

188 3428 245 3508 [=
260 3431 327 3493 liu.
342 3432 546 3508 XXXVIIII
555 3433 640 3510 52,1
665 3433 834 3514 Scipionem
857 3444 887 3496 et
905 3432 1045 3513 Polybius
1069 3441 1099 3494 et
1117 3433 1201 3495 liuti-
1215 3443 1242 3485 ³⁵

187 3517 245 3580 lius
258 3519 353 3598 [sm]
364 3521 422 3582 hoc
432 3539 509 3582 anno
519 3520 603 3599 [183.
613 3521 691 3600 571]
703 3530 856 3584 mortuum
865 3521 1010 3584 scribunt.
1033 3540 1088 3604 ago
1103 3540 1201 3602 neque

187 3608 234 3672 his
260 3628 357 3690 neque
377 3609 491 3672 Valerio
515 3611 675 3673 adsentior.
695 3641 736 3656 ·-
756 3612 906 3675 Antiatem
924 3620 1077 3674 auctorem
1091 3610 1200 3680 refellit

1248 1106 1257 1121 ἱ
