2640 4052
108 928 162 978 490

109 1000 162 1007 ..—

110 1017 162 1066 264

171 229 215 294 24
253 269 257 274 ,
516 227 547 294 ο.
567 227 665 284 mn
682 225 847 285 Ρισυοοιε
1024 283 1029 292 ,

169 367 223 458 ἦν,
246 375 297 440 καλ
318 378 497 452 Κολλατείας
518 370 638 459 ἡγεμδιυ
665 372 854 458 ἀποδειχθείς
876 370 936 439 ιἰιιδ
959 379 1012 456 τῆς
1034 375 1068 438 ἐν
1090 375 1190 462 ἐκείνη
1311 429 1312 454 ,

169 481 205 560 τῇ
231 472 315 539 πόλει
342 476 494 558 διατριβῆς
521 470 610 550 αὐτός
637 498 666 538 τε
695 479 874 549 Κολλατῖνος
906 470 1020 556 ἐκλήθη
1047 473 1098 537 καί
1128 479 1190 550 τοῖς
1311 457 1312 484 ξ

170 570 304 658 ἐγγόνοις
326 569 381 654 ἀφ’
403 572 511 638 ἑαυτοῦ
527 569 584 654 τὴν
602 568 697 653 αὐτὴν
720 570 872 635 κατέλιπεν
890 571 1055 652 ἐπίκλησιν·
1078 567 1135 654 ἐγὼ
1155 569 1189 634 δέ

169 670 221 735 καί
241 675 346 735 τοῦτον
368 668 481 735 υίωνδν
508 664 584 734 εἶναι
609 673 663 734 τοῦ
682 664 820 752 Ἠγερίου
848 669 1007 750 πείθομαι,
1030 671 1061 732 εῖ
1078 692 1111 752 γε
1132 663 1189 749 τὴν

171 764 265 851 αὐτὴν
293 763 350 851 εῐχε
376 775 438 844 τοῖς
470 769 638 850 Ταρκυνίου
665 766 767 830 παισίν
794 762 932 848 ἡλικίαν,
954 761 993 844 ὦς
1017 762 1132 848 Φόβιός
1158 789 1218 834 τετ

172 867 222 930 καί
245 868 276 931 οί
296 868 394 932 λοιποί
416 873 597 952 συγγραφεῖς
619 860 875 947 παραδεδώκασιν.

265 959 323 1029 15.
346 967 443 1030 Cicer.
454 969 492 1030 de
506 970 569 1030 diu.
580 967 601 1026 Ι
610 965 664 1040 26,
678 965 722 1026 55
741 963 852 1028 Omnes
865 963 923 1026 hoc
937 963 1081 1044 historici,
1095 963 1190 1044 Fabii,
1216 973 1218 979 “

173 1063 272 1147 Gellii,
301 1064 353 1126 sed
381 1082 526 1146 proxume
550 1063 682 1126 Coelius:
707 1090 749 1114 ===
777 1064 854 1124 Coei.
875 1061 918 1138 [ι.
938 1060 990 1123 49.
1022 1059 1188 1144 [cimon.

108 1164 241 1245 490V11
262 1161 327 1240 ιο]
981 1201 984 1208 ,

107 1266 162 1334 {6‘4
263 1256 321 1324 16.
345 1262 469 1339 Diony&
492 1259 553 1322 VII
568 1260 608 1323 71
627 1253 705 1341 Ἐγδι
728 1254 770 1336 δ’,
792 1259 843 1321 ἵνα
868 1253 909 1338 μή
931 1281 974 1332 τις
996 1252 1111 1337 ἀσθενῆ
1133 1254 1189 1337 τὴν
1203 1282 1233 1322 ιο

172 1360 269 1421 πίστιν
292 1352 369 1420 εἶναι
391 1353 500 1438 ταύτην
521 1353 659 1442 δπολόβη
678 1355 760 1435 [εἴτε]
785 1351 849 1418 κατ’
869 1347 987 1436 ἐκείνην
1003 1351 1059 1437 τὴν
1076 1350 1188 1418 ιἰπίθα-

172 1479 227 1518 νον
249 1449 415 1534 ὑπόληψιν,
438 1450 484 1517 ὅτι
501 1450 612 1529 παντὸς
628 1458 681 1516 τοῦ
695 1448 871 1534 Ἑλληνικοῦ
888 1449 1083 1535 κρατήσαντες
1100 1447 1188 1533 όσμέ-

172 1575 232 1627 νως
245 1546 285 1613 διν
296 1547 333 1613 τδι
346 1551 464 1631 κρείττω
478 1550 646 1632 μετέμαθον
663 1551 721 1631 έθη
739 1555 799 1614 τοῖν
812 1550 977 1633 ἐπιχωρίων
990 1543 1189 1632 ὑπεριδόντες,

172 1647 203 1723 έξ
225 1647 340 1711 ἐκείνου
362 1644 525 1730 ποιήσομαι
547 1653 600 1712 τοῖο
623 1645 733 1731 χρόνου
760 1645 815 1730 τὴν
837 1647 1008 1730 τέκμαρσιν,
1035 1642 1077 1711 ὅτ’
1103 1643 1188 1711 οόπω
1312 1723 1313 1730 χ

171 1740 227 1824 τὴν
254 1750 305 1826 τῆς
327 1739 471 1820 Ἑλλάδος
499 1740 579 1827 εἶχον
606 1741 767 1830 ἡγεμονίαν
795 1741 866 1810 οὐδὲ
894 1741 987 1826 δι’λλην
1016 1742 1189 1810 διαπόντιον
1203 1769 1232 1812 15

172 1837 315 1923 οὐδεμίαν
338 1837 443 1924 ἀρχήν,
462 1845 579 1928 Κοίντῳ
599 1845 705 1929 Φαβίῳ
724 1845 872 1928 βεβαιωτῇ
894 1837 1044 1925 χριόμενος
1065 1841 1115 1905 καί
1139 1839 1190 1907 οὖ-

173 1941 276 2020 δεμιῖις
298 1939 340 2004 ἐτι
363 1936 502 2020 δεόμενος
525 1942 648 2016 πίστεως
670 1939 779 2024 ἑτέρας·
816 1936 1009 2016 παλαιότατος
1030 1937 1087 2024 γδιρ
1110 1935 1188 2023 δινὴρ
1312 1969 1313 1992 ο

171 2042 230 2100 τῶν
248 2033 440 2119 τδιῬωμαϊκδι
459 2028 687 2120 συνταξαμένων
704 2037 755 2101 καί
774 2041 871 2102 πίστιν
890 2033 946 2102 οὐκ
965 2037 996 2113 ἐξ
1017 2028 1061 2101 ὧν
1079 2034 1190 2122 ἤκουσε

172 2131 266 2216 μόνον
289 2131 363 2198 σἰλλδι
386 2135 434 2199 καί
457 2135 488 2211 έξ
511 2127 555 2200 ὧν
577 2131 666 2211 αὐτὸς
688 2136 765 2220 ἔγνω
788 2132 996 2219 παρεχόμενος.

262 2229 380 2314 Ταότην
403 2230 441 2315 δὴ
468 2229 523 2316 τὴν
547 2229 652 2318 ἑορτὴν
679 2233 847 2316 ἐψηφίσατο
875 2231 929 2315 μέν
955 2227 975 2315 ἡ
1004 2228 1100 2316 βουλὴ
1127 2231 1188 2297 τῶν
1201 2259 1230 2300 νο
1310 2297 1314 2317 ,

164 2323 319 2412 Ῥωμαίων
341 2327 434 2413 δι’γειν,
458 2325 498 2408 ὡς
520 2330 571 2394 καλ
592 2328 736 2415 πρότερον
758 2333 836 2416 ἐφηυ
860 2331 926 2412 [VI
944 2331 1017 2411 10]‚
1040 2326 1113 2394 κατδι
1135 2327 1187 2406 τὰς

170 2426 330 2511 γενομένας
353 2421 442 2512 εόχδις
463 2425 524 2494 ὑπὸ
547 2435 600 2494 τοῦ
624 2427 792 2514 δικτάτορος
814 2426 919 2495 Αὔλου
938 2431 1117 2511 Ποστομίου,
1141 2421 1185 2493 δι’

170 2525 286 2606 ἔμελλεν
314 2521 511 2619 όγωγίζεσθαι
538 2523 614 2610 πρὸς
640 2525 693 2604 τδις
719 2523 888 2603 διποστόσας
914 2528 1056 2590 Λατίνων
1087 2520 1188 2604 πόλεις

169 2619 307 2706 κατάγειν
325 2621 527 2707 ἐπιχειρούσας
544 2621 711 2707 Ταρκύνιον
729 2624 778 2689 ἐπί
795 2620 850 2707 τὴν
868 2619 975 2706 ἆρχην·
999 2619 1187 2690 ἀναλοῦσθαι
1313 2697 1314 2706 ¹

170 2715 199 2782 δ’
225 2720 304 2796 έταξε
326 2718 398 2784 καθ’
420 2721 542 2787 ἕκαστον
565 2719 702 2786 ἐνιαυτόν
724 2725 766 2807 είς
787 2746 817 2785 τε
839 2718 891 2797 τδς
912 2723 1023 2798 θυσίας
1045 2722 1095 2784 καί
1117 2718 1186 2798 τοὺς
1200 2747 1227 2791 τε

170 2814 289 2902 νἰγῶνας
308 2814 452 2903 ιἰργυρίον
465 2822 658 2894 πεντακοσίας
677 2825 765 2900 μνᾶς·
783 2819 835 2882 καί
848 2817 930 2902 μέχρι
943 2823 997 2882 τοῦ
1012 2823 1186 2885 Φοινικικοῦ

169 2916 299 2997 πολέμου
321 2913 399 2980 τοῦτ’
425 2915 586 2982 ἐδαπάνων
608 2920 651 2995 είς
672 2916 728 3012 την
750 2912 863 3001 ἑορτήν.
892 2917 926 2980 έν
949 2914 982 2982 δὲ
1003 2923 1068 2992 ταῖς
1094 2919 1187 2998 ίεραῖς

169 3009 291 3096 ἡμέραις
312 3011 431 3091 ταόταις
453 3023 546 3080 πολλα
571 3015 624 3098 μέν
646 3016 696 3079 καί
714 3014 788 3081 iiiia
806 3016 916 3100 ἐγίνετο
935 3011 1039 3099 νόμοις
1050 3011 1186 3097 Ἕλληνι·

169 3120 234 3188 κοῖς
255 3109 331 3176 κατοὶ
352 3136 381 3177 τε
403 3111 647 3198 πανηγυρισμοὺς
664 3112 715 3178 καλ
733 3112 827 3190 ξένων
843 3107 996 3195 όποδοχδις
1013 3112 1063 3177 καλ
1080 3112 1186 3195 ἐκεχει-

169 3211 244 3292 ρίας,
266 3205 286 3272 δ
308 3206 385 3274 πολδ
409 3206 449 3274 διν
471 3211 558 3296 έργον
581 3214 627 3293 εἴη
651 3209 758 3294 λέγειν·
789 3208 824 3274 τὰ
853 3210 886 3275 δέ
913 3210 981 3295 περί
1009 3207 1134 3293 πομπήν
1156 3236 1186 3276 τε
1199 3237 1227 3278 ιο

167 3306 217 3369 καί
240 3309 354 3371 θυσίαν
376 3307 426 3371 καί
448 3305 483 3372 τδι
506 3305 580 3372 κατὰ
602 3307 672 3386 τοδς
694 3305 813 3392 όγιδνας
831 3305 962 3395 (ιἰττόχρη
984 3305 1042 3393 γδιρ
1062 3309 1095 3372 έκ
1116 3306 1185 3373 τοό-

168 3429 227 3468 των
249 3404 300 3469 καί
321 3401 357 3469 τδι
380 3402 420 3487 μὴ
443 3405 584 3487 λεχθέντα
607 3403 761 3490 ἐξετάζειν)
783 3403 895 3476 τοιοίδε·

259 3499 341 3590 (cap.
360 3499 425 3587 72.)
444 3503 524 3586 Πρίν
537 3501 687 3584 δίρξασθαι
699 3509 758 3570 τοῖν
771 3501 899 3589 δγόνων
912 3501 1036 3587 πομπὴν
1054 3506 1185 3571 ἔστελλον

168 3607 229 3676 τοῖς
251 3607 335 3677 θεοῖς
358 3601 389 3663 οί
408 3595 463 3682 τὴν
491 3601 628 3682 μεγίστην
650 3601 764 3684 έχονιες
787 3603 939 3683 ἐξουσίαν,
962 3598 1021 3668 ἆττδ
1044 3609 1097 3668 τοῦ
1119 3609 1184 3668 Κα-
