2640 4052
201 214 247 280 42
532 215 569 273 ll.
589 214 713 271 PORCI]
731 213 888 271 CATONIS

201 363 401 446 ceramque
419 355 460 437 ὧς
477 358 711 444 ἐπακολούθημα
727 367 780 444 vis
797 365 1009 447 malentes
1027 359 1083 428 viu
1100 364 1219 448 lewes

202 467 338 524 πλεῖστον
365 457 398 522 dl
423 466 488 535 ταῖς
509 455 632 542 πράξεσι
652 456 772 535 ταύταις
795 461 854 539 [ad
873 461 1102 542 illelmopylas]
1126 459 1219 544 ὄγκον
1310 529 1311 544 ³

202 557 381 639 περιτέθεικε
402 558 456 620 καί
476 576 551 638 φησι
572 581 599 620 κ.
620 582 644 620 ι.
667 563 692 621 λ.
712 558 755 635 fr.
774 559 843 620 131.
1143 595 1145 602 »
1310 589 1311 592 ¹

167 642 201 712 ὅ.
226 648 539 724 Saltustoeesme
553 641 625 731 (κν.
639 645 1023 731 Vector.120p.20311.)
1039 649 1218 712 accarone:
1310 641 1311 648 '

202 735 328 797 Romani
341 739 461 817 generis
475 737 821 817 dIsertissumuspancis
839 736 976 799 absoluit.
1017 739 1114 800 Cicer.
1128 739 1244 800 Bruto
1309 735 1311 856 4

201 825 259 900 17,
279 825 326 885 66
361 825 422 886 lam
453 843 528 887 uero
555 828 687 906 origines
715 827 780 887 eius
808 843 898 906 quem
924 825 1030 887 dorem
1057 834 1109 888 aut
1137 826 1217 907 quod
1310 861 1311 888 ι

201 914 302 976 lumen
321 913 508 995 eloquentiae
527 933 587 976 non
606 912 738 976 hahent?
759 923 906 976 amatores
923 915 995 977 huic
1014 916 1124 977 desunt
1137 919 1217 978 sicut

179 1015 183 1024 '
202 1003 305 1065 multis
320 1005 377 1064 iam
392 1011 461 1066 ante
471 1003 598 1065 saeculis
613 1012 643 1065 et
657 1003 781 1065 Philisto
797 1004 956 1084 Syracusio
975 1013 1006 1066 et
1023 1007 1082 1085 ipsi
1100 1003 1217 1087 Thucy·
1310 1019 1311 1068 l

201 1093 271 1154 didi.
285 1092 456 1155 -Catonis
474 1092 638 1154 luminibus
657 1092 807 1154 obstruxit
823 1092 897 1155 haec
915 1096 1116 1174 posteriorum
1131 1096 1217 1174 qnasi

201 1190 376 1261 exaggerata
399 1182 488 1243 altius
511 1184 615 1243 oratio.
639 1215 682 1224 ——
705 1185 856 1262 antiquior
879 1191 925 1244 est
948 1183 1038 1244 huius
1062 1201 1161 1244 sermo
1185 1191 1216 1244 et
1231 1202 1257 1243 ιο

201 1271 346 1351 quaedam
368 1270 537 1332 horridiora
559 1269 661 1332 uerba.
685 1279 716 1332 et
733 1289 759 1347 q.
778 1290 801 1332 s.
824 1278 933 1334 contro
952 1276 1120 1349 loquentem
1135 1271 1218 1349 fecit

201 1359 464 1442 Actcomsqear
478 1358 617 1439 Origines
628 1377 702 1420 uero
713 1379 782 1421 cum
791 1359 930 1421 omnihus
940 1362 1068 1422 oratoris
1077 1360 1216 1423 laudibus

201 1447 328 1508 rciertas
342 1447 459 1509 diceres
473 1456 504 1509 et
518 1447 660 1509 Catonem
674 1467 743 1510 cum
757 1447 882 1510 Philisto
899 1457 929 1510 et
942 1448 1115 1530 Thucydide
1135 1468 1215 1511 com-

200 1554 335 1617 parares,
350 1535 483 1598 Brutone
502 1544 532 1598 tc
551 1537 581 1598 id
601 1536 744 1599 censebas
764 1556 801 1598 an
816 1536 888 1598 mihi
903 1535 1121 1618 probaturum?
1139 1558 1216 1620 quos

200 1627 281 1685 enim
300 1643 338 1685 nc
357 1643 373 1684 e
393 1624 514 1687 Graecis
534 1626 655 1706 quidem
674 1629 831 1706 quisquam
850 1628 961 1688 imitari
983 1635 1091 1708 potest,
1114 1627 1163 1689 his
1182 1635 1216 1689 tu
1231 1645 1257 1687 ιο

199 1731 355 1793 comparas
374 1713 524 1775 hominem
539 1713 741 1776 Tusculanum
755 1715 887 1777 nondum
902 1719 1112 1798 suspicantem,
1128 1716 1215 1796 quale

199 1810 281 1862 essct
308 1805 428 1881 copiose
458 1813 488 1864 ct
511 1811 613 1866 ornate
637 1804 746 1864 dicere.
783 1805 910 1866 eundem
934 1809 972 1866 de
994 1809 1070 1881 leae.
1095 1806 1159 1882 12,
1185 1806 1216 1882 6,
1310 1879 1311 1892 χ

198 1893 364 1953 Antonium
387 1895 426 1954 de
448 1900 526 1954 orat.
550 1893 590 1954 II
608 1893 661 1968 12,
680 1893 721 1953 51
734 1909 796 1969 sqq.
833 1886 893 1976 (=
913 1895 989 1955 Pict.
1013 1898 1064 1956 lot.
1089 1889 1215 1978 test.1).
1310 1901 1311 1916 ¹

205 1982 328 2054 Quintil.
344 1982 422 2058 115,
437 1981 477 2042 21
500 1980 565 2042 Duo
579 1991 678 2044 autem
693 2000 802 2062 genera
816 1984 944 2043 maxime
961 1982 1094 2044 cauenda
1111 1985 1216 2062 pueris
1310 2009 1311 2028 ι

198 2076 286 2149 puto:
297 2087 441 2152 unumne
452 2073 520 2151 quis
528 2089 579 2131 cos
587 2073 796 2151 antiquitatum
805 2071 1005 2133 admiratorin
1012 2071 1215 2134 Gracchorum
1231 2090 1257 2131 so

198 2157 380 2238 Catonisque
408 2168 439 2221 et
466 2158 591 2220 ahorum
620 2159 762 2222 similium
788 2159 915 2221 lectione
943 2160 1105 2222 durescere
1128 2161 1215 2223 uelit:
1310 2189 1311 2198 2

202 2247 275 2307 fient
302 2248 382 2308 enim
410 2247 525 2309 horridi
552 2255 642 2328 atque
669 2250 771 2309 ieiuni.
802 2267 871 2309 nam
899 2267 997 2328 neque
1024 2252 1086 2310 uim
1109 2269 1216 2311 eorum

199 2335 297 2396 adhuc
316 2334 471 2397 intellectu
490 2346 712 2417 consequentur
731 2345 761 2398 et
779 2336 955 2417 elocutione,
974 2357 1050 2419 quac
1069 2347 1133 2401 tum
1150 2341 1215 2400 sine

200 2423 292 2484 dubio
316 2431 381 2485 erat
403 2428 514 2504 optima
538 2425 590 2486 sed
615 2428 725 2487 nostris
748 2424 934 2506 temporibus
955 2427 1051 2488 aliena
1070 2435 1123 2508 est,
1145 2446 1215 2488 con-

200 2515 285 2593 teuti,
308 2513 387 2593 quod
411 2521 458 2574 est
480 2516 656 2595 pessimum,
680 2513 792 2576 similes
816 2514 873 2576 sihi
895 2518 1012 2595 magnis
1033 2519 1109 2577 uiris
1132 2515 1215 2577 uidc—
1230 2533 1257 2575 as

199 2600 321 2663 huntur.
343 2604 416 2664 dell.
424 2603 469 2664 VI
474 2604 504 2680 3,
510 2604 554 2664 53
566 2601 668 2682 anue
680 2605 778 2665 omnia
789 2602 863 2681 [pro
871 2603 1214 2683 Rhodiensibus,sr.95]

200 2690 371 2752 distinctius
391 2694 640 2771 numerosiusque
659 2692 825 2754 fortassean
843 2692 903 2754 dici
921 2697 1088 2775 potuerint,
1107 2695 1215 2755 lortius

199 2787 289 2860 atque
308 2779 442 2841 umidius
460 2783 594 2860 potuisse
614 2780 673 2842 dici
692 2798 752 2848 non
769 2782 920 2842 uidentur.
944 2780 1079 2864 ef.§52.
1099 2783 1214 2860 123,1.

199 2870 680 2947 Froot.oc.Ver.11p.114Noo.
691 2869 1215 2933 Historiam—scribserc-uerhis
1310 2901 1311 2910 ο

201 2956 273 3018 Cato
296 2958 471 3038 multiiugis.
490 2959 530 3035 cs.
541 2978 572 3037 p.
587 2960 650 3019 155
673 2960 782 3039 partim
801 2958 918 3038 iligneis
937 2961 1066 3021 nucibus
1085 2961 1214 3023 Catonis.
1230 2978 1258 3017 so

164 3047 199 3115 6.
224 3054 312 3115 Dion.
328 3055 406 3115 179
441 3050 570 3130 Κόιντος
597 3053 651 3136 μὲν
676 3051 789 3137 Φάβιος
816 3049 833 3118 ὃ
856 3057 975 3138 Πίκτωρ
998 3053 1168 3140 λεγόμενος,
1192 3046 1216 3142 ᾧ

199 3144 331 3223 Λεύκιός
352 3173 383 3211 τε
405 3153 530 3233 Κίγκιος
552 3150 603 3213 καὶ
624 3148 734 3214 Κάτων
756 3149 888 3235 Πόρκιος
910 3152 961 3216 καὶ
975 3188 1017 3198 -
1036 3158 1095 3214 τῶν
1117 3149 1216 3214 ἄλλων

199 3236 396 3318 συγγραφέων
409 3240 441 3301 οἱ
450 3242 570 3314 πλείους
582 3236 797 3322 ἠκολούθησαν
809 3266 836 3303 κ.
850 3265 874 3304 κ.
888 3248 912 3304 λ.
925 3242 967 3318 fr.
982 3242 1032 3303 15.
1047 3241 1086 3318 cf.
1099 3240 1142 3317 fr.
1160 3242 1214 3303 77.

203 3325 272 3473 0th
283 3327 345 3386 Cot.
363 3327 392 3402 7,
407 3328 447 3386 21
465 3347 521 3389 nec
536 3329 673 3409 sepulcra
683 3330 785 3410 legens
798 3349 915 3412 uereor,
931 3364 972 3374 -
989 3348 1026 3390 ne
1040 3332 1214 3391 memoriam

199 3430 254 3491 per
276 3430 330 3474 am.
1230 3438 1258 3480 ss

165 3495 198 3564 7.
223 3503 324 3578 Spart.
339 3504 437 3564 Hodr.
452 3502 504 3579 16,
517 3505 539 3564 6
558 3504 695 3568 Ciceroni
706 3507 911 3586 [Hadrianus]
924 3505 1075 3589 Catonem,
1084 3505 1214 3585 Vergilio

199 3587 342 3674 Ennium,
367 3589 496 3653 Salustio
520 3591 654 3656 Coelium
676 3597 826 3676 praetulit.
