2640 4052
178 245 222 312 34
386 246 417 300 P.
437 243 642 301 CORNELIVS
662 242 785 300 SCIPIO.
822 241 851 298 O.
871 240 981 296 nomn

115 357 170 438 {¹}
271 389 303 457 7.
318 393 564 469 Ltu.XX138,2
582 392 715 464 Quantae
725 395 827 472 copiae
839 400 1024 471 transgresso
1038 393 1070 454 in
1080 390 1196 454 ltaliam

115 448 338 546 536115ηῶὠί
365 484 491 564 inerim,
518 501 707 563 nequaquam
733 484 812 544 inter
839 490 978 543 auctores
1001 488 1126 542 constrt.
1149 514 1197 524 -

179 573 211 634 L.
236 572 357 634 Cincius
379 571 553 654 Alimentus,
577 574 629 651 qui
652 580 772 651 captum
791 589 823 632 se
842 568 879 631 ah
897 568 1061 632 Hannibale
1080 569 1196 651 scribit,

180 664 307 724 maxime
317 680 364 725 me
376 669 481 722 auctor
491 667 636 743 moueret,
645 662 704 722 nisi
718 658 916 722 contunderet
930 676 1089 722 numerum
1103 658 1196 720 Gallis

179 749 400 832 Liguribusque
429 750 550 812 additis:
582 769 651 812 cum
678 748 725 810 his
753 750 903 830 octoginta
938 748 1018 810 milia
1050 747 1226 832 peditum,⁶

180 839 284 901 decem
307 841 443 920 equitnm
472 839 612 921 adducta3
639 832 687 922 (in
710 837 792 899 ltalia
821 839 914 916 magis
942 835 1101 899 adfluxisse
1129 839 1198 898 ueri

181 929 276 990 simile
305 937 364 1010 est,
392 938 422 989 et
449 929 490 990 ita
518 928 638 1009 quidam
662 934 800 988 auctores
823 921 920 1010 sunt3)
948 945 984 987 er
1006 929 1072 1006 ipso
1096 934 1198 988 autem

180 1019 300 1080 audisse
319 1017 496 1099 Hannibale,
515 1025 674 1098 postquam
693 1015 870 1078 Rhodanum
888 1017 1055 1096 transierit,
1074 1017 1198 1096 triginta

181 1126 233 1170 sex
262 1107 343 1168 milia
372 1107 526 1168 hominnm
556 1109 767 1186 ingentemque
797 1123 957 1166 numerum
988 1121 1134 1185 equorum
1165 1112 1196 1165 et

180 1197 307 1259 aliorum
328 1198 530 1258 iumentorum
554 1196 697 1256 amisisse.
1214 1205 1242 1246 10

251 1395 297 1481 P.
319 1393 611 1482 CORNELIVS
637 1393 805 1480 SOIPIO
829 1393 1125 1481 nantcarius

360 1531 586 1590 TESTIMONIA
604 1533 654 1589 Du
672 1533 761 1590 VITA
780 1533 827 1589 ΕΤ
846 1533 1019 1590 HISTORIA

147 1642 180 1709 l.
203 1649 314 1725 Auaur
337 1667 366 1710 α.
388 1648 462 1710 180.
485 1647 554 1708 571
583 1650 615 1708 t'u
642 1651 740 1710 locum
770 1650 821 1728 Sp.
849 1650 998 1712 Postumii
1018 1649 1123 1712 Altini
1148 1665 1198 1711 co-

182 1745 311 1818 optatus,
334 1737 403 1800 Ltu.
417 1737 549 1796 XXXX
560 1736 612 1813 12,
625 1737 676 1801 13.

146 1820 179 1888 2.
203 1827 494 1888 percucurrerat
523 1828 712 1903 infirmitate,
741 1828 883 1889 doctriua
911 1834 1011 1889 autem
1038 1829 1198 1890 uberrima

182 1919 317 1992 loquitur
348 1917 455 1978 Cicero
479 1933 539 1993 pro
563 1915 657 1977 Aret.
679 1915 780 1992 7,10.
825 1917 888 1978 Out.
912 1919 983 1978 mut.
1004 1916 1056 1992 11,
1079 1917 1131 1978 35.
1159 1919 1198 1978 de

183 2004 264 2082 ossio.
291 2005 320 2081 Ι,
346 2004 492 2080 33,121.
523 2005 567 2066 ud
595 2006 723 2066 eundem
752 2008 878 2068 uidem
907 2024 971 2068 esse
1000 2004 1240 2083 referendorum

184 2098 313 2170 elopium
340 2095 372 2154 0.
391 2094 416 2156 Ι.
435 2095 470 2153 L.
490 2093 510 2153 I
529 2112 559 2154 u.
578 2093 622 2154 33
635 2112 668 2170 p.
689 2094 739 2155 19.

149 2176 183 2243 3.
210 2184 318 2244 Cicero
337 2184 424 2244 Brut.
440 2182 490 2256 19,
508 2183 554 2241 77
576 2180 679 2262 lpsnm
702 2183 872 2263 Scipionem
893 2183 1095 2262 [superiorem
1113 2183 1197 2260 Asrr'·

183 2269 309 2349 cunum]
343 2273 513 2351 accepimus
544 2289 605 2332 non
633 2271 776 2333 infantem
809 2272 910 2334 luisse.
965 2271 1044 2333 tilius
1076 2271 1198 2353 quidem

184 2362 259 2440 eius,
281 2362 308 2420 is
332 2362 383 2438 qui
405 2359 486 2421 hunc
510 2362 656 2422 minorem
680 2361 850 2441 Scipionem
873 2379 889 2422 a
912 2361 1013 2423 Paullo
1037 2362 1198 2442 adoptauit,

185 2451 211 2510 si
233 2467 359 2528 corpore
383 2446 540 2529 ualuisset,
564 2451 594 2510 in
617 2451 722 2530 primis
741 2449 860 2512 habitus
879 2460 959 2513 esset
978 2451 1117 2514 disertus.
1154 2452 1198 2512 in·
1212 2470 1239 2510 ao

184 2537 284 2600 ditant
316 2555 386 2600 cum
418 2536 622 2600 oratiunculae
654 2546 719 2600 tum
748 2539 873 2602 historia
904 2539 1048 2619 quaedam
1078 2539 1197 2621 Graeca,
1308 2519 1309 2559 ¹

185 2629 296 2707 scripta
319 2625 498 2690 dulcissime.

556 2826 599 2913 O.
623 2825 829 2916 admits

364 2957 590 3014 TESTIMONIA
607 2958 657 3014 DII
676 2958 765 3014 VITA
783 2957 830 3013 ΕΤ
848 2958 1022 3016 HISTORIA

151 3063 183 3132 l.
211 3073 284 3133 Gell.
309 3072 355 3133 VI
369 3072 461 3148 14,9
496 3071 590 3133 Erant
618 3074 670 3133 isti
700 3071 810 3150 [leuati
833 3075 872 3134 ob
898 3073 1131 3135 Atheniensibus
1162 3075 1199 3135 de
1306 3095 1308 3156 p

190 3161 291 3237 Oropo
309 3162 437 3223 Romam
456 3179 484 3224 a.
498 3162 570 3222 155.
585 3161 651 3222 599
673 3161 771 3239 mr'su']
795 3161 964 3242 philosophi
977 3160 1143 3222 Carneades
1162 3179 1198 3221 er

187 3249 348 3331 suademur,
372 3249 518 3329 Diogenes
541 3253 663 3331 stoicus,
686 3249 832 3313 Critolaus
861 3251 1087 3331 peripateticum
1115 3259 1146 3310 et
1168 3251 1197 3311 In
1210 3270 1237 3311 aa

188 3345 323 3401 senatum
352 3338 472 3417 quidem
499 3341 664 3402 introducti
691 3341 855 3421 interprete
882 3341 930 3402 usi
958 3344 1029 3399 sunt
1050 3336 1081 3399 C.
1105 3338 1198 3400 Acilio

188 3435 333 3489 senatore.
376 3421 431 3510 (ex
456 3429 550 3491 Gellio
574 3430 675 3492 Muer.
698 3437 754 3494 sut.
778 3431 843 3507 15,
862 3423 926 3510 15.)
950 3428 1108 3490 Plutarch.
1136 3429 1198 3490 Oct.

187 3528 258 3588 mat'.
271 3525 315 3586 22
347 3518 430 3586 ’Euri
453 3520 486 3585 δὲ
508 3523 692 3608 προῦβαινεν
709 3522 729 3609 ἡ
749 3522 821 3602 δόξα
838 3530 898 3588 τῶν
916 3520 1092 3606 φιλοσόφων
1115 3523 1198 3608 ἔντῇ

187 3619 271 3690 πόλει
293 3623 343 3686 uul
366 3617 435 3699 τοὺς
456 3617 591 3703 πρώτους
613 3620 720 3709 λόγους
742 3619 841 3689 αὐτῶν
863 3619 938 3706 πρὸς
960 3619 1014 3704 τὴν
1037 3618 1198 3707 σύγκλητον

1304 3737 1306 3836 l
