2640 4052
170 207 191 273 8
516 207 548 273 Q.
568 203 668 261 FABII
685 203 850 262 PICTORIS

249 417 254 426 ⁴
306 347 537 406 oscannum
556 346 1061 427 sennensem-msnomnnvu

262 467 295 535 1.
319 473 401 534 Mor.
423 472 534 534 Victor.
559 478 616 532 ort.
629 487 729 547 prom.
746 472 776 531 ·I
783 489 817 548 p.
829 469 873 531 23
886 471 925 531 K.
946 495 988 520 ει
1011 473 1093 533 Cina.
1109 470 1152 548 fr.
1162 473 1190 533 1.

262 556 294 627 2.
322 563 414 624 Oodd.
420 562 537 624 Isidori
550 563 699 622 ecclesiae
707 559 869 622 Toletoooe
879 562 923 621 ad
934 562 1011 636 orio.
1019 560 1095 623 IIII
1106 561 1136 637 ⁷,
1145 561 1190 622 34

172 654 233 725 (ed.
261 652 386 713 Areual.
416 651 473 712 ΙΙΙ
492 669 524 728 p.
543 648 627 724 566)
655 648 823 710 Alexander
849 647 1108 730 historiographus
1134 652 1189 712 ait:
1312 647 1313 660 ¹

171 740 296 802 Vulscos
311 740 431 821 quidam
446 738 608 820 appellatos
622 741 706 800 aiunt
719 737 853 800 aVulsco
863 737 1040 818 Antiphatae
1054 739 1190 820 Laestry-

171 832 257 910 gonis
275 829 345 891 filio.
369 828 479 890 Fabius
498 846 617 910 quoque
637 847 657 888 α
677 827 786 890 Siculis
807 828 957 908 profectos
976 835 1120 909 c'orrupto
1139 847 1218 896 nos
1312 831 1313 844 ¹

169 921 251 981 mine
274 917 399 981 Vulscos
422 920 464 979 ait
486 919 591 979 dictos.

260 1029 294 1098 3.
323 1035 384 1096 Cio.
408 1035 446 1095 dc
469 1036 564 1095 dicio.
581 1034 602 1093 I
615 1032 665 1108 21,
680 1033 724 1094 43
748 1032 815 1095 Sint
832 1032 916 1115 haec,
934 1041 968 1095 ut
987 1033 1058 1114 dixi,
1076 1034 1190 1094 somnia
1313 1021 1314 1036 ¹

169 1122 347 1204 fabularum,
365 1122 473 1202 hisque
492 1122 670 1202 adiungatur
690 1124 779 1183 etiam
797 1121 913 1184 Aeneae
933 1123 1091 1203 somnium,
1110 1121 1190 1201 quod

157 1213 312 1274 nimirum
335 1215 366 1272 in
384 1210 460 1272 Fabi
477 1210 605 1272 Pictoris
629 1210 750 1272 Graecis
773 1210 929 1273 annalibus
953 1213 1018 1272 eius
1036 1211 1117 1272 modi
1135 1217 1190 1290 est,

169 1309 204 1362 ut
223 1303 330 1382 omnia,
346 1318 421 1380 quae
440 1299 476 1360 ab
491 1299 590 1361 Aenea
609 1307 691 1380 gesta
706 1307 777 1361 sunt
792 1319 928 1380 quaeque
949 1300 993 1361 illi
1007 1299 1189 1381 acciderunt,
1204 1320 1230 1360 ιο

169 1408 204 1451 ea
229 1390 349 1470 suerint,
373 1407 449 1469 quae
473 1391 502 1450 ei
525 1389 691 1451 secundum
715 1391 847 1471 quietem
870 1392 936 1451 uisa
959 1395 1037 1450 sunt.

259 1491 293 1558 4.
318 1496 427 1557 Eoscb.
442 1498 547 1558 coron.
563 1498 622 1573 lp.
636 1496 700 1558 285
728 1497 798 1558 Scb.
822 1491 890 1569 (hc
911 1499 1036 1572 septimo
1059 1496 1192 1556 diodori
1312 1465 1315 1510 ί

168 1579 275 1659 libro')
299 1583 409 1646 Verum
436 1586 474 1646 de
502 1587 621 1646 nomine
645 1584 730 1647 urbis
754 1583 864 1663 [Albae
886 1581 1025 1661 Looooc]
1048 1582 1188 1665 Phabius‚

169 1673 372 1735 Romanorum
394 1692 497 1736 rerum
520 1676 664 1755 scriptor,
688 1673 799 1735 alienas
822 1673 956 1751 adiungit
978 1671 1101 1748 fabulas.
1147 1675 1188 1734 iia

170 1763 251 1823 enim
278 1762 363 1824 dicit:
391 1762 471 1843 quod
495 1763 612 1825 Aeneae
640 1762 811 1823 mandatum
838 1762 942 1842 luerit,
973 1763 1058 1841 quasi
1081 1761 1190 1842 aliquis
1204 1780 1232 1820 ιο

171 1851 342 1932 quadrupes
361 1853 420 1932 ipsi
437 1852 593 1934 indicaret,
612 1851 733 1913 ubinam
752 1867 821 1912 eum
840 1857 976 1928 oporteat
993 1849 1100 1912 urbem
1120 1869 1189 1912 con-

171 1941 251 2002 dere.
275 1959 344 2003 cum
358 1940 449 2003 uellet
465 1959 587 2022 porcam
602 1941 691 2001 ietam
705 1957 739 2000 ac
754 1940 874 2000 omnino
889 1939 1045 2001 candidam
1059 1947 1189 2024 mactare
1315 2017 1316 2026 ρ

170 2049 205 2091 ac
228 2030 394 2112 immolare,
423 2049 457 2092 ea
480 2050 497 2092 e
521 2030 658 2091 manibus
687 2027 785 2108 elapsa
808 2028 911 2107 rapido
935 2047 1027 2091 cursu
1055 2029 1190 2091 ascendit
1315 2043 1316 2046 ’

170 2117 277 2180 collem
292 2120 448 2201 quendam,
462 2119 515 2181 uhi
529 2120 652 2198 triginta
664 2116 813 2197 porcellos
832 2117 933 2178 edidit.
961 2118 1069 2180 Aonias
1087 2120 1188 2199 itaque

171 2208 366 2270 admiratione
391 2215 497 2288 captus
520 2216 551 2269 et
573 2206 744 2267 mandatum
768 2205 888 2284 explere
912 2207 1045 2288 uolebat,
1068 2226 1189 2270 manum
1202 2225 1231 2266 ιο
1314 2261 1316 2282 p

170 2297 330 2359 admouere
349 2307 380 2359 et
400 2296 499 2359 locum
517 2305 681 2357 exstmere.
717 2297 847 2375 speciem
867 2297 1014 2377 quandam
1032 2299 1064 2358 in
1083 2315 1188 2358 somno
1315 2339 1316 2354 ι

170 2387 247 2448 uidit
266 2395 368 2466 aperte
388 2405 457 2447 eum
475 2382 684 2465 prohibentem
702 2391 942 2467 molientemque,
961 2394 995 2447 ut
1013 2393 1082 2465 post
1095 2403 1188 2447 annos

170 2478 301 2557 triginta,
325 2475 440 2555 aequali
461 2474 610 2535 editorum
627 2471 829 2552 porcellorum
848 2491 983 2557 numero,
1006 2481 1188 2556 exstrueret3

170 2574 259 2644 alque
278 2583 294 2624 a
313 2565 476 2643 propositis
499 2562 590 2623 rebus
614 2561 737 2623 destitit.
773 2561 846 2624 Post
864 2564 992 2625 Aeneam
1014 2563 1188 2625 defunctum

168 2653 306 2715 Ashanus
335 2650 469 2713 eiusdem
497 2651 576 2713 filius
605 2668 731 2731 regnum
754 2655 927 2734 assumpsit:
956 2655 1041 2715 annis
1064 2653 1186 2732 triginta
1200 2668 1229 2709 ιο

169 2743 329 2804 transactis
353 2738 459 2802 collem
482 2740 652 2802 aedificauit
670 2749 701 2803 et
719 2739 826 2803 urbem
845 2741 948 2803 Albam
971 2740 1132 2822 appellauit
1149 2740 1186 2802 ad

169 2849 277 2910 porcae
292 2829 433 2911 colorem,
445 2863 482 2873 —
496 2829 620 2891 alteram
637 2848 757 2910 quoque
771 2833 800 2892 ei
813 2831 1080 2893 nomenclationem
1094 2831 1188 2910 impo-

170 2921 275 3000 suisse,
290 2918 421 2998 Longam
433 2940 489 3001 -3
503 2921 643 2999 quoniam
657 2919 813 2982 latitudine
832 2927 957 3000 angusta
972 2927 1036 2982 erat
1050 2928 1080 2982 et
1094 2919 1187 3000 longi-

169 3008 272 3070 tudine
287 3025 400 3087 magna.
414 3035 456 3058 ==
471 3009 602 3086 Synoell.
613 3029 644 3088 p.
653 3008 724 3070 366
738 3010 829 3072 Diod.
844 3013 899 3083 (eoo
918 3012 1023 3072 eodem
1037 3010 1186 3083 Dtodoro)
1314 3037 1316 3072 :

167 3103 244 3183 Περί
267 3101 300 3165 δὲ
327 3107 379 3184 τῆς
406 3107 605 3188 προσηγορίας
631 3101 738 3186 ταύτης
762 3102 892 3188 Φάβιος,
920 3100 938 3169 ὃ
964 3102 1017 3182 τὰς
1034 3101 1187 3187 Ῥωμαίων
1200 3124 1228 3165 so

166 3197 287 3282 πράξεις
310 3196 499 3285 ἀναγράψας,
522 3197 617 3278 ἄλλως
640 3199 878 3287 μεμοθολόγηκε·
903 3203 978 3284 φησί
1000 3199 1057 3287 γὰρ
1080 3204 1186 3287 Αἰνείᾳ

166 3297 307 3382 γενέσθαι
329 3295 440 3382 λόγιον,
462 3296 626 3383 τετράπουν
644 3296 725 3388 αὐτῷ
743 3297 978 3385 καθηγήσασθαι
995 3295 1071 3383 πρὸς
1092 3300 1187 3363 κτίσιν

166 3391 288 3473 πόλεως.
326 3396 481 3479 μέλλοντος
509 3395 537 3462 δ’
563 3395 656 3462 αὐτοῦ
682 3395 772 3463 θύειν
799 3390 839 3463 ὗν
862 3399 970 3482 ἔγκυον
991 3402 1031 3486 τῷ
1058 3394 1187 3481 χρώματι

166 3491 291 3577 λευκήν,
319 3496 462 3581 ἐκφυγεῖν
489 3497 522 3561 ίκ
543 3502 603 3562 τῶν
630 3502 736 3581 χειρῶν
758 3496 809 3560 καί
832 3499 1003 3578 διωχθῆναι
1024 3493 1099 3579 τορός
1120 3519 1187 3558 τινα

166 3589 274 3675 λόφον,
292 3590 366 3678 πρὸς
385 3586 409 3683 ᾧ
427 3601 622 3678 κομισθεῖσαν
639 3600 732 3658 τεκεῖν
751 3591 780 3657 λ’
793 3597 921 3678 χοίρους.
944 3590 996 3658 τὸν
1014 3592 1048 3659 δὲ
1062 3595 1186 3658 Αἰνείαν
1200 3615 1228 3658 aa
