2670 4058
165 224 608 284 TEST.s-s.uuAGM.1-c.c.
616 223 775 283 GRACCHI
787 227 1058 287 TESTJRAGMJ.
1071 230 1134 295 117

119 397 171 456 της
189 372 237 436 καί
255 369 419 450 καταλύσας
437 367 568 438 ἀνέπαυε
589 369 644 456 τὴν
663 371 801 457 στρατιάν
818 370 877 441 ὑπὸ
895 372 929 441 τδ
947 373 1081 443 Πύθιον.
1092 411 1136 424 -

120 469 161 554 (c.
180 467 246 556 16.)
265 467 297 536 Ὁ
316 470 370 554 μέν
393 462 449 536 οόν
471 476 609 548 Νασικᾶς
626 471 759 537 ἐνταῦθα
777 473 1002 558 διενυκτέρευσε.
1034 480 1082 564 Τῷ
1102 475 1136 540 δὲ

119 575 233 653 Περσεῖ
259 566 311 635 τδν
333 571 472 652 Αἰμίλιον
502 566 683 653 ἀτρεμοῦντα
710 567 784 634 κατά
816 568 917 654 χοόραν
949 569 1054 654 δρῶντι
1085 574 1137 638 καλ

118 665 159 750 μὴ
192 668 369 755 λογιζομένῳ
400 663 432 731 τδ
460 664 618 751 γινόμενον
645 664 779 750 ἀποδρὰς
809 668 842 733 έκ
868 676 919 752 τῆς
951 665 1025 736 ὁδοῦ
1052 668 1137 755 Κρὴς

119 763 282 848 αότόμολος
303 757 357 850 ἧκε
379 763 504 849 μηνύων
530 763 586 848 τὴν
607 768 749 849 περίοδον
770 773 830 832 τοῖν
852 764 1014 851 Ῥωμαίων.
1046 765 1080 834 ‘0
1103 767 1163 842 δὲε

119 865 332 948 συνταραχθείς
354 861 387 929 τὸ
411 863 465 946 μέν
488 860 685 945 στρατόπεδον
713 856 770 928 ούκ
796 865 927 948 ἐκίνησε,
951 868 1076 951 μυρίους
1103 865 1137 930 δέ

119 961 326 1049 μισθοφόρους
366 962 470 1040 ξένους
511 961 562 1026 καί
598 963 758 1044 δισχιλίους
788 961 978 1044 1Μακεδόνας
1013 967 1137 1028 Μίλωνι

119 1059 274 1146 παραδούς
296 1061 476 1138 ἐξαπέστειλε
507 1056 801 1144 παρακελευσάμενος
823 1066 947 1145 ταχῦναι
969 1061 1020 1124 καλ
1047 1087 1137 1127 κατοι-

118 1166 221 1245 λαβεῖν
243 1156 295 1237 τόις
317 1153 494 1244 ύτιερβολάς.
545 1155 669 1235 Τούτοις
691 1153 707 1222 ό
730 1156 785 1240 μέν
812 1155 966 1241 Πολύβιός
984 1179 1078 1241 φησιν
1097 1160 1144 1238 έτι,

119 1259 315 1342 κοιμωμένοις
325 1257 475 1322 ἐπιπεσεῖν
483 1252 751 1339 τοδςῬωμαίονς,ό
762 1256 794 1320 δέ
803 1263 942 1335 Νασικᾶς
951 1255 1025 1335 όξδυ
1034 1254 1138 1344 ἀχτόυα
1152 1287 1178 1326 ιο

119 1358 186 1441 περί
208 1364 269 1434 τοῖς
297 1355 401 1441 ἀκροις
428 1357 568 1442 γενέσθαι
593 1355 644 1419 καί
666 1358 825 1437 κίνδυνον,
848 1353 938 1433 αὐτὸς
966 1356 1000 1420 δέ
1033 1361 1138 1445 Θρᾷκα

121 1451 311 1538 μισθοφόρον
322 1457 364 1531 είς
376 1461 475 1539 χεῖρας
490 1449 697 1534 συνδραμόντα
710 1459 749 1542 τῷ
764 1456 858 1542 ξυστῷ
873 1450 924 1518 διά
938 1460 991 1519 τοῦ
1006 1452 1143 1541 στήθουςμ

2 1559 6 1576 “
121 1551 251 1630 πατάξας
277 1556 467 1636 καταβαλεῖν·
509 1551 728 1633 ἐκβιασθέντων
760 1551 793 1616 δέ
826 1559 886 1618 τῶν
912 1557 1060 1636 πολεμίων
1088 1552 1139 1618 καλ

122 1657 174 1716 τοῦ
198 1655 344 1728 Μίλωνος
367 1653 499 1734 αίσχιστα
520 1647 684 1735 φεύγοντος
711 1646 784 1715 ἀνευ
810 1657 870 1716 τῶν
896 1640 1003 1717 όπλων
1020 1655 1139 1736 μονοχί-

124 1775 217 1825 τωνος
239 1746 381 1831 ἀσφαλῶς
403 1745 584 1814 ἀκολουθεῖν
603 1743 664 1830 ἀμα
682 1745 886 1831 καταβιβάζων
906 1752 947 1827 είς
964 1747 1019 1834 τὴν
1037 1747 1178 1834 χαίροντα

121 1844 153 1912 τό
186 1843 355 1930 στράτευμα.
391 1844 513 1911 Τούτων
545 1845 578 1912 δὲ
609 1852 648 1936 τῷ
670 1850 785 1930 Περσεῖ
813 1844 1039 1930 προσπεσόντων
1064 1847 1139 1913 κατὰ

121 1942 208 2029 τοῖχος
230 1940 391 2021 ἀναζεύξας
414 1936 486 2028 ἦγεν
510 1940 619 2025 ὀπίσω,
641 1947 804 2028 περίφοβος
822 1943 950 2030 χεχονάς
972 1947 1021 2011 καλ
1040 1967 1139 2031 συγκε-

122 2043 248 2127 χυμένος
270 2049 334 2121 ταῖς
355 2043 477 2108 ἐλπίσιν.

213 2139 246 2206 2.
275 2145 353 2206 Ρίυί.
377 2143 459 2206 Αεικ.
480 2141 522 2202 21
547 2145 615 2205 Τῶν
634 2139 666 2204 δὲ
683 2136 836 2222 Ῥωμαίων
859 2142 1042 2222 έπεσον”[σιί
1058 2145 1138 2223 Pyd-
1151 2161 1202 2212 168

124 2239 225 2321 καινῇ,
250 2234 289 2316 ὧς
307 2238 362 2321 μέν
380 2234 584 2314 Ποσειδιόνιός
607 2259 714 2321 φησιν,
736 2234 857 2320 έκοιτόν,
882 2236 922 2317 ὥς
941 2239 974 2304 δέ
992 2233 1203 2322 Νασικᾶςῶ
1260 2323 1264 2328 ¹

123 2334 315 2421 ὁγδοήκοντα.

281 2609 323 2708 O.
350 2617 679 2707 SEMPRONIVS
704 2616 982 2707 GRAOOHVS

518 2766 744 2825 TESTIMONIA

89 2881 122 2950 1.
151 2887 180 2947 C.
196 2885 312 2962 Sempr.
329 2885 381 2944 Gr.
392 2889 536 2960 quaestor
550 2885 582 2944 ιἰι
596 2883 746 2944 Sardinia
759 2881 832 2944 126.
849 2882 921 2958 628,
936 2885 1005 2944 trib.
1015 2888 1057 2961 μί.
1067 2885 1139 2947 123.

126 2975 189 3035 631
208 2982 238 3037 et
255 2973 325 3035 122.
346 2972 418 3033 632.
442 2973 562 3035 occisus
579 2971 648 3032 121.
670 2970 742 3032 633.

88 3060 123 3130 2.
147 3066 208 3126 uid.
220 3061 263 3140 fr.
273 3064 300 3128 1.
316 3065 354 3126 dc
367 3063 531 3139 Pomponio
545 3061 611 3122 είυε
625 3064 723 3124 amico
738 3060 777 3136 cf.
794 3061 893 3126 Valer.
909 3063 995 3125 Max.
1007 3063 1095 3139 11⁷7,
1109 3064 1139 3125 2.

122 3155 225 3215 Αυνεί.
248 3153 321 3216 Vict.
337 3153 375 3215 de
388 3155 447 3213 uir.
464 3154 503 3212 ill.
520 3149 572 3225 65,
587 3150 616 3212 5.
648 3151 717 3212 Vell.
733 3151 772 3211 ΙΙ
784 3150 813 3226 6,
830 3151 859 3212 6.
1153 3175 1180 3217 25

278 3321 506 3378 FRAGMENTA
524 3319 623 3376 LIBRI
641 3319 691 3376 AD
710 3321 747 3383 Μ.
766 3319 988 3380 POMPONIVM

215 3430 247 3500 l.
276 3439 371 3500 Cicer.
388 3439 426 3498 de
440 3437 535 3498 διὐλιι.
546 3435 621 3511 118,
630 3435 677 3494 36
704 3433 748 3496 Ti.
763 3434 924 3517 Gracchus,
938 3437 1037 3500 Publii
1051 3440 1139 3523 filius,

123 3527 246 3609 quibis
269 3525 374 3588 consul
398 3533 428 3586 et
451 3542 558 3586 censor
585 3524 642 3585 fuit
662 3523 808 3604 idemque
832 3534 861 3587 et
886 3545 1020 3590 summus
1044 3547 1140 3610 augur

122 3625 153 3680 et
176 3619 225 3679 uir
249 3617 367 3696 sapiens
391 3615 527 3694 cinisque
551 3621 718 3695 praestans,
738 3632 850 3697 noune,
874 3624 908 3677 ut
927 3615 957 3679 G.
976 3617 1139 3702 Gracchus,
