2670 4058
382 221 579 278 rnsrnron.
599 227 624 280 a.
660 221 797 278 nunant.
818 227 895 277 1-7.
1081 221 1145 288 15³

223 367 257 434 6.
279 372 395 434 Arnon.
416 371 472 432 VI
495 369 529 432 ln
548 369 680 432 secundo
693 370 822 432 Antiatis
835 369 921 451 libro,
935 389 974 434 ne
988 371 1056 451 quis
1070 372 1146 434 iorte

128 480 185 524 nos
207 461 344 522 aestimet
367 461 546 521 concinnare
568 477 624 540 per
647 458 809 522 calumnias
833 461 966 541 crimina,
989 458 1056 522 talis
1080 479 1147 540 per-

129 552 242 631 scripta
270 555 317 620 est
339 546 451 610 iabula:
474 546 600 610 Numam
622 547 708 610 illum
731 566 846 629 regem,
869 567 938 611 cum
965 549 1147 630 procurandi

128 639 263 702 fulminis
277 639 431 700 seientiam
447 655 506 698 non
520 635 653 717 haberet,
664 644 802 718 essetque
817 636 860 698 illi
872 637 979 718 cupido
994 637 1147 722 noscendi,

128 726 254 808 Egeriae
268 727 383 788 monitu
398 733 496 786 castos
511 721 668 787 duodecim
682 727 808 787 iuuenes
822 725 902 806 apud
917 745 1023 807 aquam
1033 725 1146 788 celasse
1160 749 1173 790 a

129 835 199 878 cnm
218 814 357 896 uinculis,
376 821 419 894 ut,
437 832 506 875 eum
525 811 646 875 Faunus
665 821 695 876 et
713 813 838 876 llarlius
856 813 946 876 Piens
965 815 1000 876 ad
1019 815 1050 876 id
1068 816 1146 877 loeo·

129 923 199 967 rum
226 905 382 966 uenissent
409 902 548 964 haustum
578 897 660 983 (nam
687 901 746 964 illis
775 903 903 983 aquandi
932 903 1062 966 solemne
1088 907 1147 966 iter

128 991 189 1056 huc
208 986 281 1077 fuit)
304 991 495 1073 incederent,
514 992 770 1073 constringerent,
789 991 981 1072 conligarent.
1014 992 1066 1053 sed
1087 1011 1146 1073 qno

129 1101 179 1145 res
198 1083 265 1144 fleri
284 1080 452 1162 expeditius
470 1087 581 1160 posset,
599 1097 701 1162 regem
719 1079 827 1161 pocula
845 1098 905 1142 non
923 1082 1010 1160 parui
1027 1083 1147 1142 numeri

128 1174 202 1234 nino
216 1170 374 1250 mulsoque
389 1169 554 1248 complesse
565 1171 705 1249 circaque
715 1187 854 1232 accessus
868 1171 958 1232 fontis
973 1169 1145 1232 insidiosam
1160 1192 1186 1233 ιο

128 1261 268 1324 uenturis
290 1259 467 1340 opposuisse
490 1257 643 1320 fallaciam.
673 1258 740 1320 illos
758 1277 842 1322 more
861 1259 898 1320 dc
918 1257 1005 1320 solito
1024 1256 1148 1320 bibendi

130 1349 310 1430 adpetitione
335 1355 490 1427 correptos
513 1346 548 1409 ad
573 1347 701 1428 hospitia
728 1355 797 1410 nota
827 1350 955 1410 uenisse.
996 1347 1049 1410 sed
1077 1365 1147 1410 eum

128 1437 297 1519 liquoribus
318 1436 451 1498 odoratis
469 1435 662 1498 offendissent
681 1437 841 1517 fragrantia
860 1436 979 1517 poeula,
1002 1438 1146 1500 uetustio-

128 1526 214 1590 ribus
237 1527 442 1607 anteposuisse
465 1543 515 1587 res
539 1543 641 1605 nouas,
663 1527 811 1588 inuasisse
829 1525 965 1606 auiditer,
989 1524 1146 1589 dulcedine

128 1617 260 1698 potionis
282 1623 386 1694 captos
414 1613 550 1675 hausisse
577 1613 645 1694 plus
673 1616 778 1696 nimio,
806 1613 1023 1677 obdormiuisse
1052 1614 1146 1676 iactos
1160 1636 1186 1677 nc

129 1723 246 1786 graues.
282 1712 347 1766 tunt
370 1702 418 1766 bis
441 1721 530 1764 senos
552 1701 726 1766 incubuisse
750 1705 868 1784 sopitis,
891 1705 1031 1764 iniecisse
1055 1703 1145 1765 madi·

129 1794 207 1856 datis
226 1793 339 1873 uincla,
357 1793 587 1872 expergitosque
612 1791 678 1853 illos
698 1795 798 1854 statim
817 1791 1010 1872 perdocuisse
1035 1810 1146 1874 regem,

130 1882 240 1962 quibus
262 1881 299 1944 ad
323 1887 420 1944 terras
437 1879 534 1944 modis
553 1879 688 1961 luppiter
710 1888 813 1960 posset
836 1889 867 1943 et
889 1881 1044 1943 sacrificiis
1065 1879 1146 1962 elici,

129 1979 161 2034 et
178 1979 300 2051 accepta
311 1987 419 2049 ‘regem
439 1970 563 2032 scientia
581 1987 646 2032 rem
665 1971 697 2030 in
711 1969 859 2032 Auentino
878 1968 985 2032 iecisse
1004 1969 1146 2050 diuinam,

130 2059 256 2122 elexisse
280 2058 316 2120 ad
340 2066 436 2120 terras
464 2056 567 2120 louem
599 2057 636 2120 ab
664 2076 759 2138 eoque
787 2060 940 2138 quaesisse
963 2059 1055 2120 ritum
1078 2076 1146 2137 pro·
1160 2079 1186 2120 οο

131 2150 294 2210 curationis
317 2165 440 2209 morem.
481 2146 583 2208 louent
611 2146 663 2208 diu
686 2154 858 2210 cunctatum
883 2141 1048 2226 ‘expiabis'
1078 2146 1146 2207 dixe

130 2232 243 2317 ‘capite
275 2231 442 2316 fulgurita'.
479 2253 580 2318 regem
613 2235 803 2315 respondisse
832 2230 1005 2315 ‘caepici0'.
1044 2235 1146 2298 lonem

11 2323 12 2326 ’
129 2344 237 2390 rursus
265 2319 436 2387 ‘humano'.
472 2323 624 2386 rettulisse
657 2343 759 2404 regem
787 2319 855 2386 ‘sed
888 2320 1019 2404 capillo'.
1057 2324 1145 2385 deum

130 2423 234 2477 contra
258 2407 409 2476 ‘animali’.
437 2407 564 2474 ‘maena'
588 2412 752 2475 subiecisse
774 2412 960 2492 Pompilium.
990 2420 1063 2476 tnnc
1087 2431 1146 2474 am-

128 2501 229 2583 biguis
243 2501 345 2564 leuem
366 2501 622 2583 propositionibus
636 2510 756 2582 captum
771 2501 913 2563 extulisse
931 2502 1008 2564 banc
1026 2519 1145 2564 uocem:
1160 2523 1186 2564 aa

130 2587 293 2672 ‘Decepisti
311 2610 359 2653 me
380 2590 489 2672 Numa;
507 2608 575 2652 nam
594 2609 649 2670 ego
667 2591 805 2653 humanis
824 2589 972 2670 capitibus
990 2592 1146 2668 procurari

130 2683 345 2744 constitueram
364 2679 519 2762 fulgurita,
542 2697 602 2740 non
624 2697 741 2762 maeno,
765 2679 885 2760 capillo,
909 2680 1048 2758 caepieio.
1075 2696 1146 2758 quo-

130 2771 209 2831 niam
237 2787 284 2832 me
312 2776 410 2829 tamen
443 2775 494 2830 tna
522 2769 722 2831 circumuenit
748 2769 870 2850 astutia,
898 2785 987 2847 quem
1015 2765 1147 2847 uoluisti,

129 2857 237 2919 habeto
261 2876 375 2919 morem
394 2863 424 2918 et
443 2855 491 2917 his
509 2855 610 2938 rebus,
629 2875 702 2936 quas
721 2865 826 2936 paetus
845 2875 886 2938 cs,
905 2858 1146 2936 procurationem

130 2965 249 3026 semper
272 2947 418 3025 suscipies
441 2941 674 3024 fulguritornm'.
989 2979 994 2988 -
1159 2965 1186 3006 ao

222 3103 255 3169 7.
281 3108 361 3168 Ptol.
384 3107 471 3166 Num.
490 3104 533 3166 22
568 3101 650 3182 Hopl
673 3101 727 3183 pio
756 3100 813 3168 οὐκ
834 3104 944 3168 ἔδοσαν
965 3100 1018 3168 τὸν
1040 3100 1147 3184 νεκρὸν

129 3199 222 3268 αὐτοῦ
245 3198 432 3275 κωλύσαντος
452 3199 587 3282 [Νομᾶ],
611 3195 651 3275 ὧς
668 3200 792 3282 λέγεται·
817 3197 872 3264 δύο
896 3199 929 3264 di
950 3199 1147 3283 ποιησάμενοι

129 3303 249 3376 λιθίνας
271 3293 379 3382 σοροὺς
405 3292 464 3362 ὑπὸ
491 3293 523 3362 τὸ
543 3291 697 3362 Ἰοίνοκλον
725 3297 855 3378 ἔθηκαν,
881 3293 937 3378 τὴν
965 3296 1019 3378 μὲν
1046 3297 1146 3380 ἑτέραν

128 3399 257 3480 ἔχουσαν
279 3391 311 3460 τὸ
335 3399 428 3476 σῶμα,
450 3389 506 3474 τὴν
524 3392 556 3458 δὲ
575 3393 675 3474 ἑτέραν
693 3388 745 3468 τὰς
762 3391 843 3476 ἱερὰς
860 3396 991 3476 βίβλους.
1007 3429 1048 3442 -
1065 3397 1097 3460 ol
1113 3394 1146 3458 al

127 3493 197 3579 accpi
212 3490 330 3558 Ἀντίαν
352 3493 500 3573 ἱστοροῦσι
524 3488 639 3556 δώδεκα
662 3489 717 3571 μίν
739 3485 815 3554 εἶναι
837 3492 960 3571 βίβλους
981 3492 1185 3574 lacapeni-ea

127 3588 194 3671 κάς,
217 3587 334 3654 δώδεκα
362 3586 394 3652 δὲ
422 3585 511 3662 ἄλλοις
529 3583 704 3670 Ἑλληνικὰς
731 3583 917 3669 φιλοσόφους
944 3583 995 3663 τὰς
1022 3590 1064 3664 είς
1090 3583 1145 3669 τὴν
