2670 4058
208 209 273 275 116
448 210 479 266 Ρ.
499 207 674 264 CORNELII
693 206 778 266 SOIP.
797 207 956 266 NASIOAE

174 354 208 422 2.
236 361 297 422 Cic.
322 360 410 420 Brut.
425 359 479 433 20,
497 357 541 418 79
576 357 608 420 P.
632 360 721 420 etiam
745 359 915 440 Scipionem
937 358 1084 442 Nasicam,
1107 364 1160 441 qui
1183 372 1231 424 est

210 448 373 510 Corculum
397 447 575 528 appellatus,
601 481 640 491 -
666 445 802 510 habitum
829 448 1018 529 eloquentem
1041 452 1132 513 aiunt.
1165 453 1230 512 Cat.

209 542 280 600 ικυί.
295 539 347 613 14,
362 538 408 597 50
432 535 510 608 Quid
529 538 566 598 de
581 537 612 598 P.
628 536 736 599 Licinii
750 536 850 599 Crassi
870 546 901 598 et
918 540 1065 618 pontificii
1082 547 1113 602 et
1131 540 1231 602 ciuilis
1319 539 1320 568 ί

210 629 287 688 iuris
310 627 410 688 studio
438 623 566 707 loquar?
593 635 645 688 aut
673 627 709 688 de
737 626 827 689 huius
855 627 888 688 P.
912 627 1075 711 Scipionis,
1103 632 1155 710 qui
1182 630 1230 692 his

210 719 315 796 paucis
339 715 446 777 diebus
468 715 603 796 pontifex
626 716 723 777 factus
745 718 892 778 maximus
915 723 970 778 est.
1246 738 1260 780 ι
1319 739 1320 802 χ

168 815 208 886 «3.
233 825 312 885 Plus.
331 824 413 887 Aem.
433 825 474 885 15
501 819 603 898 Αύτδς
625 817 641 885 δ
664 826 802 898 Νασικᾶς
829 824 932 904 λαβεῖν
960 842 1049 904 φησι,
1075 821 1234 907 γεγραφᾶς
1319 847 1320 864 ¹

195 920 277 1002 ’περὶ
299 923 359 984 τᾶν
381 916 519 1003 πράξεων
539 916 654 985 τούτων
678 917 730 998 [de
752 923 845 984 rebus
863 925 895 983 ιἰι
915 923 1102 986 Macedonia
1120 933 1232 987 contra

211 1020 340 1082 Persam
359 1018 467 1099 μεελίε]
487 1014 653 1083 ἐπιστόλιον
675 1011 751 1098 πρός
771 1040 838 1080 τινα
859 1022 919 1082 τᾶν
941 1018 1095 1101 βασιλίωυ.
1119 1015 1174 1103 (fr.
1189 1017 1233 1105 1.)

197 1225 443 1282 'FRAGMENTA
465 1225 669 1282 EPISTVLAE
694 1226 743 1281 DE
765 1224 885 1282 REBVS
909 1226 1059 1284 CONTRA
1082 1227 1232 1284 misem

658 1314 783 1372 missis

149 1459 200 1511 168
304 1439 439 1508 leiim.
463 1449 545 1510 Aem.
566 1447 608 1508 15
640 1441 725 1509 Ἐπεί
752 1443 786 1508 δὲ
811 1451 906 1509 κινῶν
932 1443 1050 1510 ᾶπαντα
1073 1445 1233 1526 [Aemilius

148 1529 204 1600 δὲδ
215 1544 332 1606 Paulus
342 1552 414 1607 ante
419 1564 557 1624 μυρκακι
568 1544 771 1625 Pydnensem]
787 1543 838 1607 καί
851 1540 1032 1626 κειράμενος
1045 1539 1231 1609 ἐπυνθάνετο
1248 1569 1274 1608 ιο

156 1711 159 1716 ,
210 1642 282 1722 μίαν
292 1637 429 1724 εἰσβολὴν
440 1641 963 1722 [ι’κΜαειάοκίιιικαίίιεειαίία]ἐτι
972 1637 1067 1723 μόνον
1076 1639 1234 1724 ᾶφρυυρον

210 1732 424 1803 ᾶπυλείπεσθαι
445 1736 501 1823 τὴν
524 1736 574 1804 διδι
593 1741 775 1822 Περραιβίας
796 1735 878 1822 παρὰ
899 1735 933 1803 τὸ
956 1736 1083 1805 Πύθων
1106 1740 1156 1804 καὶ
1178 1735 1234 1820 τὴν

212 1834 347 1918 Πέτραν,
369 1842 409 1923 τῷ
432 1833 472 1919 μὴ
496 1835 698 1918 φυλάττεσθαι
723 1832 776 1900 τὸν
802 1832 897 1901 τόπον
926 1835 1047 1913 ἐλπίσας
1073 1842 1183 1920 μᾶλλον
1212 1832 1232 1918 ἢ
1319 1873 1320 1908 τ

212 1929 253 1996 δι’
284 1931 324 2014 ἢν
355 1931 411 1999 οόκ
443 1931 618 2016 ἐφυλάττετο
654 1934 823 2016 δυσχωρίαν
855 1934 906 1998 καί
941 1932 1104 2019 τραχύτητα
1135 1938 1235 2010 δείσας
1319 1933 1320 2008 f

211 2028 390 2115 ἐβουλεύετο.
423 2038 538 2115 πρῶτος
561 2031 595 2096 δὲ
616 2037 677 2095 τᾶν
699 2027 856 2114 παρόντων
879 2028 895 2096 δ
919 2037 1057 2110 Νασικᾶς
1079 2028 1234 2099 ἐπικαλού·
1249 2056 1275 2097 15
1319 2111 1320 2126 χ

213 2152 301 2210 μενος
319 2133 474 2211 Σκηπίων,
492 2125 630 2212 γαμβρδς
645 2123 830 2210 Ἀφρικανοῦ
847 2133 1038 2212 Σκηπίωνος,
1060 2123 1183 2214 ὕστερον
1202 2130 1236 2194 δὲ
1319 2133 1320 2184 i

212 2225 348 2310 μέγιστον
370 2227 404 2294 ίν
425 2232 461 2315 τῇ
484 2223 637 2313 συγκλήτῳ
667 2228 827 2308 δυνηθείς,
854 2224 1015 2304 ὑπεδέξατο
1042 2233 1094 2310 τῆς
1120 2225 1235 2293 κυκλά·
1319 2257 1320 2276 ι

214 2343 287 2399 σεως
313 2319 433 2408 ἡγεμδιν
465 2324 614 2409 γενέσθαιζ
658 2321 793 2407 δεύτερος
824 2324 858 2388 δέ
886 2322 1002 2408 Φάβιος
1029 2323 1185 2407 Μάξιμος,
1218 2322 1234 2390 ὁ

212 2416 412 2501 πρεσβύτατος
433 2425 493 2484 τῶν
510 2423 651 2504 Αἰμιλίου
669 2423 802 2501 παίδων,
826 2423 867 2486 ἔτι
886 2419 1039 2504 μειράκιον
1058 2419 1111 2504 aiv,
1128 2419 1234 2506 ᾶνέστη

212 2517 472 2602 προθυμούμενος.
507 2516 613 2602 ἡσθεὶς
640 2511 696 2581 οὖν
715 2515 731 2582 ὁ
750 2521 886 2601 Αἰμίλιος
910 2522 1034 2585 δίδωσιν
1058 2517 1158 2598 αᾶτοῖς
1181 2517 1236 2605 ούχ
1249 2546 1275 2585 το

213 2614 304 2700 ᾶσους
317 2616 470 2702 Πολύβιος
487 2621 614 2700 εἴρηκεν,
636 2613 701 2679 ᾶλλ’
722 2611 812 2692 ὅσους
830 2614 919 2694 αὐτὸς
942 2613 959 2683 ὁ
979 2623 1117 2695 Νασικᾶς
1134 2622 1235 2702 λαβεῖν

213 2738 304 2798 φησι,
326 2708 483 2802 γεγραφδς
505 2715 572 2798 περί
600 2718 659 2778 τᾶν
680 2708 818 2796 πράξεων
839 2712 953 2778 τούτων
973 2710 1139 2780 ἐπιστόλιον
1161 2711 1235 2797 πρός

212 2839 280 2878 τινα
301 2819 360 2879 τᾶν
382 2810 537 2894 βασιλέων.
578 2813 610 2875 οί
625 2809 680 2893 μὲν
700 2807 781 2888 ἐκτδς
802 2804 912 2891 τάξεως
930 2811 1066 2879 Ἰταλικοὶ
1087 2816 1235 2897 τρισχίλιοι

213 2908 246 2977 τὸ
269 2916 388 2992 πλῆθος
409 2900 497 2991 ἦσαν,
519 2906 552 2971 τό
576 2904 605 2971 δ’
626 2905 786 2992 εύάνυμον
807 2909 895 2993 κέρας
917 2913 960 2988 είς
978 2913 1237 2995 πεντακισχιλίους.

217 3006 341 3084 Τούτοις
361 3001 541 3088 πρυσλαβοδν
559 3001 575 3070 ὁ
594 3010 732 3084 Νασικᾶς
750 3009 850 3086 ίτιπεῖς
868 3006 973 3075 ἑκατὸν
1000 3012 1094 3076 εἴκοσι
1110 3011 1161 3074 καί
1178 3017 1235 3074 τῶν
1249 3033 1274 3075 ιε
1315 3045 1320 3088 η

214 3101 285 3187 παρ’
297 3100 435 3190 Ἆρπάλφ
452 3107 580 3190 Θργκᾶν
598 3104 650 3168 καί
662 3109 790 3189 Κρητῶν
803 3103 1049 3192 ἀναμεμιγμένων
1068 3110 1236 3184 διακοσίους
1257 3154 1260 3160 ,
1319 3153 1320 3184 ,

215 3199 364 3284 ἐξώρμησε
394 3207 431 3291 τῇ
462 3199 539 3286 πρὸς
572 3199 731 3268 θάλασσαν
762 3199 824 3294 ὁδῷ
857 3206 908 3270 καί
943 3205 1236 3288 κατεστρατοπέδευσε
1319 3213 1320 3220 ’

216 3295 298 3382 παρδι
320 3297 353 3365 τδ
371 3297 562 3384 Ἡράκλειον,
590 3297 632 3379 ὧς
654 3299 693 3385 δὴ
715 3310 779 3380 ταῖς
800 3304 892 3369 ναυσί
919 3305 1033 3387 μέλλων
1055 3304 1236 3385 ἐκπεριπλεῖν

216 3397 268 3461 καί
293 3405 479 3465 κυκλοᾶσθαι
509 3397 543 3465 τὸ
577 3398 775 3484 στρατόπεδον
804 3407 864 3465 τᾶν
898 3404 1059 3483 πολεμίων.
1091 3398 1173 3464 Ἐπεὶ
1205 3398 1232 3463 δ’

217 3497 396 3580 ἐδείπνησαν
423 3501 455 3563 σί
475 3505 644 3582 στρατιῶται
667 3500 718 3563 καί
741 3497 843 3577 σκότος
870 3499 998 3582 ἐγένετο,
1025 3505 1087 3576 τοῖς
1113 3494 1233 3583 ἡγεμόσι
1249 3526 1274 3566 ιο
1319 3475 1320 3544 ἐ

216 3593 334 3679 φράσας
355 3594 388 3662 τὸ
406 3593 519 3679 ᾶληθές
540 3589 594 3681 ἦγε
617 3595 669 3662 διᾶ
691 3594 797 3674 νυκτὸς
818 3594 874 3680 τὴν
894 3597 1032 3662 ἐναντίαν
1049 3593 1109 3662 άπὸ
1128 3594 1233 3661 θαλάτ-
