2670 4058
188 276 231 342 90
471 275 500 331 O.
520 271 720 330 SEMPRONII
737 272 917 330 TVDITANI

151 421 187 491 2.
211 427 250 504 os.
278 429 381 490 daton.
401 426 444 503 fr.
459 426 489 486 5.

151 510 186 579 3.
213 519 273 580 Cio.
288 516 441 590 Brutti,
456 515 499 576 95
526 513 617 575 Gaius
640 512 807 574 Tuditanus
830 532 899 575 oum
923 515 1005 573 omni
1027 515 1089 574 uita
1112 519 1202 593 atque

184 608 269 667 uictu
293 605 429 667 excultus
452 612 541 684 atque
560 602 717 684 expolitus,
740 611 805 663 tum
828 605 893 665 eius
912 601 1031 681 elegans
1054 610 1101 664 est
1118 601 1201 662 hahi-

184 702 249 756 tum
272 697 361 756 etiam
384 695 527 755 orationis
550 710 653 771 genus.

149 778 184 846 4.
212 785 361 845 Tuditano
381 784 499 844 Plinius
523 786 556 843 ιἰι
579 788 640 842 out.
664 783 732 842 hist.
751 798 809 843 seo.
834 782 926 842 indic,
950 783 1042 842 etiam
1065 785 1096 842 io
1120 783 1229 843 libros

184 873 257 933 XII
274 891 348 934 osus
370 879 422 934 ost.
675 963 676 966 Ἴ

468 1022 698 1082 FRAGMENTA
715 1021 915 1078 ANNALIVM

198 1164 203 1172 ·
275 1133 308 1203 l.
332 1140 493 1218 Dionys]
511 1139 558 1200 11.
572 1139 614 1198 13
644 1136 685 1198 Οἱ
703 1133 738 1198 δὲ
759 1130 929 1218 λογιώτατοι
950 1139 1010 1198 τῶν
1027 1131 1200 1215 Ῥωμαϊκῶν

183 1234 389 1320 συγγραφέων,
412 1236 446 1298 ἐν
469 1229 514 1310 οἷς
536 1233 596 1297 ἐστι
615 1227 747 1314 Πόρκιός
768 1255 798 1294 τε
816 1227 935 1311 Κάτων,
958 1227 1044 1308 hado
1062 1239 1199 1314 γενεαλο-

182 1337 248 1418 γίας
261 1339 320 1396 τῶν
333 1332 367 1395 ἐν
375 1329 483 1415 Ἰταλία
500 1328 616 1396 πόλεων
630 1329 834 1413 ἐπιμελέστατα
848 1326 1025 1413 συναγαγὼν
1043 1331 1094 1392 καλ
1106 1327 1199 1406 Γάιος

181 1427 376 1513 Σεμπρώνιος
398 1429 447 1493 καλ
470 1426 553 1492 ἄλλοι
571 1416 684 1511 ννχνολ,
693 1424 842 1509 Ἕλληνας
860 1425 968 1503 αὐτοὺς
988 1428 1198 1510 [Αοονίμὶιιοο]
1214 1449 1240 1489 10

182 1526 258 1593 εἶναι
284 1529 401 1612 λέγουσι
427 1532 486 1590 τῶν
514 1527 548 1589 ἐν
572 1523 676 1610 ’Λχαΐμ
706 1524 777 1589 τιοτὲ
809 1523 993 1607 οἰκησάντων
1024 1550 1050 1590 ιι.
1069 1551 1092 1590 τ.
1111 1533 1136 1590 λ.
1156 1557 1199 1578 =

68 1608 73 1624 '
186 1631 248 1690 oet.
268 1628 312 1705 fr,
334 1629 355 1688 o
375 1646 405 1704 p.
420 1627 473 1687 ιι.

271 1738 306 1805 2.
330 1743 469 1803 Moeroh.
493 1743 556 1802 Sot.
571 1743 593 1802 Ι
611 1742 664 1824 16,
677 1742 721 1802 32
743 1740 854 1803 Harum
880 1740 1116 1821 [nundinorum]
1139 1745 1198 1803 ori·

181 1835 280 1912 ginom
299 1831 421 1910 quidem
434 1828 560 1891 Romulo
580 1830 745 1913 adsignant,
763 1833 1088 1910 quemeommunicato
1103 1849 1197 1912 regno

181 1939 250 1984 cum
273 1920 341 1982 Tito
364 1919 449 1980 Tatio
478 1920 632 1981 sacrificiis
660 1927 691 1981 et
714 1918 920 1980 sodalitatibus
947 1922 1093 1982 institutis
1122 1935 1238 1982 nun-15

181 2011 266 2072 dinas
289 2026 408 2089 quoque
432 2007 575 2069 adiecisse
595 2016 840 2089 commemorant,
861 2011 939 2071 sicut
958 2008 1124 2071 Tuditanus
1147 2010 1196 2071 ad·

182 2099 325 2160 adfirmat.
354 2091 409 2180 (os.
428 2098 509 2158 Coss.
531 2096 574 2173 fr.
589 2097 639 2158 14.
664 2099 758 2158 Rutil.
779 2097 822 2174 fr.
837 2093 880 2182 1.)

270 2200 304 2268 3.
329 2207 406 2266 Ptin.
422 2222 450 2263 ιι.
465 2205 493 2263 lo.
508 2203 600 2263 XIII
608 2205 653 2265 84
675 2202 796 2265 Cassius
815 2203 948 2284 Hemina,
971 2208 1196 2268 uetustissimus

180 2303 285 2356 auctor
307 2293 465 2371 annalium,
489 2299 594 2371 quarto
618 2311 722 2354 eorum
740 2292 817 2354 libro
838 2291 895 2370 [fr.
909 2292 970 2372 37]
993 2295 1125 2375 prodidit
1143 2296 1196 2357 Cn.

182 2383 356 2444 Terentium
380 2379 508 2444 scribam
532 2398 637 2460 agrum
655 2400 744 2443 suum
763 2383 793 2442 in
812 2381 943 2444 laniculo
962 2387 1196 2463 repastinantem
1210 2401 1237 2440 ιο

180 2471 317 2534 effodisse
341 2491 449 2549 arcam,
473 2471 504 2529 in
528 2488 586 2549 qna
609 2470 713 2550 Numa,
738 2473 791 2550 qui
812 2470 923 2532 Romae
946 2475 1096 2556 regnavit,
1118 2476 1196 2535 situs

179 2562 294 2622 fuisset.
331 2563 363 2622 in
391 2560 494 2622 eadem
522 2556 615 2619 libros
644 2561 710 2620 eius
737 2567 874 2638 repertos
902 2560 933 2622 P.
958 2561 1095 2623 Cornelio
1118 2562 1195 2625 hi.

179 2649 319 2731 Cethego,
341 2649 379 2712 Μ.
402 2644 512 2710 Baebio
535 2645 569 2717 Q.
593 2647 612 2708 i.
636 2648 790 2728 Tamphilo
814 2667 890 2710 coss.
916 2682 954 2693 -
981 2669 1092 2730 eosque
1116 2670 1195 2713 eom·

178 2738 283 2800 hustos
297 2758 313 2799 a
328 2737 361 2810 Q.
373 2736 479 2798 Petilio
493 2745 641 2817 praetore,
656 2739 725 2817 quia
739 2737 943 2818 philosophiae
958 2741 1070 2819 scripta
1084 2749 1193 2803 essent.

177 2828 234 2889 hoo
241 2828 321 2889 idem
330 2828 422 2888 tradit
428 2826 497 2886 Piso
505 2823 666 2888 Censorius
673 2829 770 2906 primo
777 2830 1059 2890 commentariorum
1068 2828 1195 2913 [sr.11],
1209 2844 1237 2885 ss

178 2916 231 2978 sed
254 2914 347 2977 libros
370 2923 485 2996 septem
508 2915 583 2976 iuris
605 2916 753 2996 pontificii
775 2915 958 2995 totidemque
982 2916 1194 2998 Pythagoricos

178 3006 280 3085 fuisse,
298 3004 464 3066 Tuditanus
487 3004 726 3083 quattuordecim
743 3004 855 3065 Numae
879 3005 1069 3067 decretorum
1091 3008 1194 3072 fuisso.

178 3087 234 3176 (ef.
259 3094 358 3154 razo.
379 3093 422 3170 fr.
445 3087 579 3176 7-10.)

114 3197 178 3286 {95}
267 3193 303 3263 4.
317 3201 425 3261 Asoon.
437 3202 468 3260 io
478 3201 575 3262 Cicer.
585 3202 702 3261 (lornei.
709 3219 740 3276 p.
749 3200 792 3260 68
801 3201 840 3260 Il.
851 3199 991 3263 Ceterum
1001 3202 1122 3281 quidam
1132 3222 1193 3266 non

114 3290 168 3341 26⁰
178 3288 236 3350 duo
246 3287 383 3349 tribunos
394 3287 792 3370 plebis‚utGicerodioit,sed
802 3291 934 3369 quinque
943 3290 1066 3351 tradunt
1076 3300 1193 3354 creatos
1208 3317 1236 3358 oo
1320 3329 1321 3343 ι

177 3383 241 3438 tum
265 3375 311 3456 [in
334 3375 555 3456 montesacro]
579 3395 655 3459 esse,
678 3377 810 3456 singulos
834 3395 870 3438 ex
889 3378 1014 3458 singulis
1037 3378 1192 3443 elassibus.

177 3472 248 3526 sunt
261 3475 370 3546 tamon,
380 3469 433 3547 qui
447 3466 574 3528 eundem
588 3465 672 3528 illum
681 3466 810 3528 duorum
820 3483 977 3527 numerum
988 3485 1077 3547 quem
1087 3468 1192 3531 Cicero

175 3560 295 3636 ponant,
314 3557 393 3617 inter
412 3573 487 3636 quos
505 3554 670 3616 Tuditanus
690 3563 720 3617 et
738 3554 919 3634 Pomponius
936 3553 1053 3619 Atticus
1073 3556 1132 3636 [fr.
1145 3558 1193 3638 3]‚

176 3642 280 3705 Liuius
304 3662 422 3725 quoque
451 3651 554 3705 noster
578 3643 632 3722 [II
646 3645 698 3719 33,
711 3643 775 3722 21].
807 3643 888 3705 Idem
907 3643 957 3705 hic
976 3653 1006 3706 ot
1024 3645 1192 3710 Tuditanus
