2640 4052
470 224 699 282 ruentium
718 231 832 282 10-14.
1113 225 1157 292 23

140 375 271 437 bominis
294 373 448 436 euolutum
471 391 532 436 uon
554 383 623 436 ante
645 374 808 454 plurimum
830 378 973 456 temporis
991 385 1043 438 aut
1060 377 1158 440 solum

141 467 206 528 sine
229 462 365 544 partibus
388 465 498 526 ceteris
521 457 593 546 (boc
615 466 696 526 enim
718 464 839 544 quidam
866 459 983 548 imunt)
1010 473 1062 528 aut
1088 485 1159 530 cum

65 571 69 580 ·
141 552 285 616 membris
316 551 456 616 omnibus
482 552 664 624 humationis
691 554 790 616 ollicia
817 552 978 618 sortitum?
1015 553 1102 626 Quod
1132 557 1159 619 si

141 642 264 723 planum
284 643 352 704 fieri
371 643 551 704 testimoniis
571 641 729 722 postulatis
750 651 920 726 auctorum,
942 644 1157 726 Sammonicus,

142 731 280 814 Granius,
303 728 438 794 Valerios
455 731 559 792 Antias
580 729 667 794 nobis
686 739 717 794 et
735 730 846 794 Fabius
868 732 1051 813 indicabunt,
1070 737 1185 797 cuiusa

142 820 237 883 Aulus
251 820 342 882 luerit
356 819 446 900 libus,
461 821 558 899 gentis
573 828 604 881 et
617 821 746 882 nationis
761 823 856 904 cuius,
871 840 926 883 cur
940 840 1029 884 manu
1043 823 1158 884 seruuli

142 911 206 971 uita
229 910 321 971 luerit
343 908 487 990 spoliatus
510 916 541 969 et
562 908 684 990 lumino,
708 909 836 990 quidde
860 911 923 972 suis
946 913 1158 974 commeruerit

142 997 272 1078 cluibus,
289 1005 324 1060 ut
342 1000 370 1058 ei
389 999 429 1060 sit
447 997 591 1078 abnegata
608 997 726 1060 telluris
743 1005 885 1078 paternae
904 1000 1065 1081 sepultura
1089 1020 1158 1064 con·

141 1087 266 1150 discetis
279 1089 379 1169 ctiam,
394 1088 531 1167 momnis
545 1087 623 1148 nolle
637 1088 718 1150 istud
732 1087 886 1168 publicare
901 1107 934 1150 sc
949 1090 1071 1170 lingant,
1086 1090 1157 1170 qnid

142 1179 183 1239 sit
204 1179 302 1258 capite
325 1183 439 1238 retecto
461 1176 587 1258 lactum,
609 1176 660 1239 uel
682 1181 713 1238 in
740 1185 825 1258 parte
850 1196 907 1258 qna
930 1196 1017 1239 areae
1039 1180 1200 1241 curiosam

142 1267 235 1328 luerit
256 1264 441 1328 obscuritate
463 1265 648 1346 conclusum,
669 1274 705 1329 ut
722 1265 883 1328 immobilis
905 1266 1046 1330 uidelicet
1068 1275 1158 1348 atque

142 1356 201 1418 lixa
218 1353 369 1434 obsignati
385 1356 494 1416 ominis
512 1357 697 1435 perpetuitas
714 1363 815 1418 staret
844 1356 923 1436 qnod
942 1375 1012 1418 cum
1028 1359 1159 1438 opprimi

142 1463 197 1525 par
219 1453 299 1506 esset
323 1451 354 1506 et
376 1446 535 1508 uetustatis
557 1443 766 1508 obliteratione
788 1444 893 1527 celari,
915 1447 1083 1528 conpositio
1106 1464 1158 1508 uo

143 1535 233 1596 miub
256 1534 327 1596 iecit
348 1534 381 1596 iu
404 1533 535 1596 medium
558 1541 681 1596 etcum
704 1536 767 1596 suis
796 1537 910 1598 caussis
932 1553 987 1616 por
1009 1534 1077 1596 data
1100 1534 1159 1598 sibi

142 1631 279 1706 tempora
310 1621 530 1702 inextinguibili
562 1622 632 1686 lecit
661 1624 870 1686 testificatione
892 1623 1074 1706 procedere,
1102 1642 1158 1686 nec
1172 1644 1199 1686 cs

142 1709 265 1774 erubuit
279 1713 387 1774 ciuitas
404 1713 531 1774 maxima
550 1719 581 1773 ct
598 1713 755 1774 numinum
769 1722 947 1775 cunctorum
966 1712 1075 1776 cultrix
1089 1731 1158 1776 cum

143 1797 324 1862 uocabulum
342 1797 453 1883 tomplo
472 1799 565 1882 daret,
584 1819 620 1862 ex
640 1800 687 1862 Oli
705 1802 802 1882 capite
816 1800 994 1883 Capitolium
1013 1820 1103 1883 quam
1121 1820 1159 1863 ex

142 1891 264 1952 nomine
286 1887 368 1950 louis
391 1906 573 1970 nuncupare.

235 2007 293 2076 lt.
313 2014 504 2090 lintona
528 2013 770 2094 interponito
780 2014 950 2094 Superbus]
965 2017 1081 2096 primus
1091 2013 1159 2077 Vul-

142 2105 204 2165 scis
222 2101 334 2165 bellum
353 2105 384 2164 in
408 2103 554 2166 ducentos
576 2103 704 2184 amplius
728 2113 794 2186 post
817 2122 902 2168 suam
919 2111 1046 2168 aetatem
1065 2121 1159 2166 annos
1173 2131 1200 2172 ao

143 2194 240 2254 mouit
254 2191 455 2272 Suessamque
468 2191 632 2254 Pometiam
645 2211 681 2253 er
695 2191 743 2254 bis
757 2195 789 2255 ui
803 2195 891 2273 cepit
907 2192 958 2255 ubi
973 2211 1042 2255 cum
1056 2193 1161 2256 dinen·

143 2281 240 2343 denda
258 2281 367 2362 praeda
383 2280 575 2362 quadraginta
590 2280 699 2343 talenta
713 2283 829 2362 argenti
842 2281 1008 2364 reiecisset,
1021 2284 1160 2362 concepit

142 2371 319 2432 animosam
329 2369 553 2450 amplitudinem
563 2369 642 2432 louis
657 2371 769 2453 templi,
778 2390 855 2452 quae
864 2372 952 2452 digua
966 2371 1054 2434 deum
1064 2371 1159 2433 bomi-

143 2477 277 2540 numque
295 2477 376 2540 regc,
395 2477 471 2539 quae
485 2457 617 2521 Romano
636 2461 770 2540 imperio,
785 2479 861 2541 qnae
880 2461 975 2542 ipsius
994 2463 1084 2522 etiam
1101 2457 1161 2523 loci

142 2549 298 2610 maiestate
321 2557 478 2610 essct-
504 2543 571 2630 (55,
592 2542 629 2632 6)
652 2549 825 2629 Augebatur
851 2549 887 2610 ad
910 2551 1052 2629 inpensas
1079 2551 1159 2629 regis
1173 2574 1202 2618 ac

141 2639 270 2700 animus
292 2639 394 2716 itaque
416 2636 591 2716 Pomptinae
613 2637 784 2718 manubiae,
807 2655 884 2718 quae
907 2638 1099 2718 perducendo
1123 2637 1160 2700 ari

142 2725 264 2788 eulmen
286 2727 371 2806 oporl
393 2726 559 2788 destinatae
584 2734 683 2808 erant,
709 2729 761 2789 nix
783 2729 815 2788 iu
837 2728 1030 2789 fundamenta
1053 2743 1161 2808 suppo·

143 2815 288 2878 dinume
316 2833 352 2876 eo
370 2817 465 2896 magis
483 2813 584 2896 Fabio,
607 2824 815 2896 praeterquam
835 2815 914 2896 quod
936 2815 1089 2895 antiquior
1106 2823 1161 2896 cst,

143 2903 333 2984 emolirlcrim,
351 2903 546 2984 qnadraginta
564 2923 599 2966 ca
617 2905 680 2968 sola
698 2904 809 2968 talenta
830 2905 932 2986 luisse,
951 2921 1040 2985 qtram
1058 2902 1161 2966 Pisoni

144 2991 204 3072 [fr.
222 2992 289 3072 101.
1173 3019 1203 3062 u

236 3119 293 3188 14.
317 3126 443 3204 nonos.
458 3127 535 3188 1111
546 3126 591 3187 on
613 3121 963 3210 mantuanam
974 3129 1035 3189 vav
1046 3129 1161 3208 rape

142 3225 213 3288 olon
225 3222 345 3286 nuso
358 3217 531 3299 ἆποσιαλελς
544 3219 604 3288 inci
620 3219 675 3288 sot‘t
689 3220 800 3306 πατρὸς
818 3224 860 3300 sle
877 3217 976 3304 πόλιν,
993 3218 1013 3305 ἣ
1032 3221 1161 3287 ἐκαλεῖτο

144 3315 318 3399 Κολλάτεια,
333 3351 374 3364 -
388 3316 461 3402 παρ’
486 3315 574 3404 inopi
595 3311 731 3405 snrlq'qbq
754 3328 894 3405 συγγενεῖ
906 3323 1029 3406 Amtp
1049 3325 1162 3402 itaquo-

143 3418 201 3500 vlp
213 3421 255 3502 τῷ
264 3419 437 3502 Κολλατίνῳ
450 3419 743 3506 προσαγορευομένῳ.
761 3423 867 3483 τοῦτον
873 3414 928 3483 τὸν
939 3415 1037 3500 ἄνδρα
1047 3413 1163 3499 Φάβιος

143 3513 200 3597 μὲν
221 3511 291 3580 oliv
312 3511 392 3580 εἶναί
411 3535 507 3598 φησιν
521 3512 671 3601 Ἠγερίου,
692 3518 760 3600 περὶ
781 3509 820 3583 οὗ
837 3513 993 3598 δεδήλωκα
1009 3511 1163 3598 πρότερον,
1175 3543 1204 3586 to

143 3609 190 3680 ὅτι
205 3617 363 3701 Toepmlp
380 3620 421 3702 τῷ
437 3612 570 3702 spmlpp
587 3610 793 3699 βασιλεύσαντι
805 3610 959 3696 Ῥωμαίων
978 3607 1162 3692 biduom*
