2640 4052
441 189 669 245 FRAGMENTA
688 196 803 246 lli-88.
1089 191 1134 255 55

208 333 265 401 79.
291 341 364 401 dell
396 340 422 398 V
440 339 490 413 21,
512 339 557 398 17
593 337 668 400 item
690 337 728 399 ll.
751 338 824 400 Cato
851 341 883 399 iu
905 338 960 399 llll
983 341 1132 419 originum

109 427 221 488 codem
239 430 271 488 iu
289 427 355 488 loco
373 435 421 488 ter
438 427 496 488 boc
514 426 643 489 uerbum
661 430 776 506 posuit:
798 427 1006 507 compluriens
1027 447 1133 490 eorum

111 516 227 578 milites
249 518 449 578 mercennarii
470 518 550 578 inter
572 535 605 577 se
627 517 715 578 multi
737 517 824 578 alteri
845 516 956 578 alteros
973 520 1006 578 iu
1024 521 1132 579 castris

111 605 267 686 occidere,
294 605 497 684 compluriens
523 606 612 667 multi
638 606 728 667 simul
750 607 787 667 ad
810 606 906 667 bostis
934 607 1131 688 transfugere,

111 694 318 774 compluriens
331 697 363 755 iu
375 697 588 774 imperatorem
601 697 747 774 impetum
760 697 867 757 iacere.
890 688 958 780 (Ec
970 714 1006 757 eo
1016 698 1132 758 Nonius
1145 720 1159 761 s

109 803 134 844 s.
150 803 181 844 u.
195 788 400 862 complut-niem
418 803 449 861 p.
463 784 510 844 87
532 783 614 844 ldem
634 781 738 863 [Coto]
758 785 909 864 originum
927 783 1028 846 lllIl:
1046 785 1131 846 Com-

111 872 249 951 pluriens
271 891 377 934 eorum
398 905 443 917 —
466 866 628 955 occidere.)

204 965 310 1033 80⁸.
334 972 424 1033 Seru.
447 974 492 1032 ud
511 973 585 1033 Aen
610 973 687 1031 ΙΙΙΙ
705 971 771 1031 682
797 969 948 1031 Exstinxti
969 979 1000 1032 te
1022 989 1131 1051 meque

110 1077 198 1120 soror
213 1059 417 1139 populumque
431 1067 591 1140 patresque
607 1059 746 1121 Sidonios
763 1059 931 1139 urbemque
950 1058 1045 1138 tuam]
1060 1059 1131 1130 Qui·

111 1148 182 1209 dam
194 1148 252 1210 boc
270 1148 337 1209 loco
355 1149 462 1210 uolunt
479 1156 543 1209 tres
561 1157 662 1229 partes
680 1149 802 1228 politiae
824 1148 1060 1229 conprehensas,
1078 1167 1171 1228 po·1o

110 1237 186 1318 puli,
204 1240 401 1320 optimatium,
419 1240 520 1318 regiae
538 1240 703 1316 potestatis.
727 1237 799 1298 Cato
818 1239 898 1298 euim
917 1240 959 1300 ait
976 1237 1014 1298 de
1031 1237 1130 1298 tribus

110 1328 180 1387 istis
202 1326 340 1406 partibus
362 1327 529 1388 ordinatam
551 1328 644 1388 luisse
667 1325 884 1406 Carthaginem.

202 1417 262 1485 81.
286 1425 437 1486 Ρηισίαιι
468 1425 515 1485 VI
528 1445 560 1502 p.
579 1425 646 1484 254
668 1426 706 1485 ΙΙ.
729 1424 802 1485 Cato
824 1433 924 1486 tamen
947 1443 982 1486 os
1004 1425 1131 1505 protulit

111 1515 142 1572 in
153 1511 208 1572 llll
221 1515 384 1592 originum:
400 1513 433 1574 Si
447 1516 515 1593 quis
528 1513 696 1575 membrum
706 1515 789 1593 rupit
802 1523 854 1575 aut
862 1533 897 1575 os
910 1515 1010 1596 fregit,
1018 1514 1129 1576 talione

110 1603 266 1681 proximus
289 1612 433 1681 cognatus
455 1602 620 1664 ulciscitur.
1143 1628 1170 1668 ιι

201 1693 260 1761 82.
282 1701 355 1761 Geli
368 1701 424 1760 ΧΙ
431 1701 461 1775 1,
476 1700 500 1759 0
516 1699 582 1760 Nou
600 1719 667 1761 esse
686 1699 739 1762 abs
756 1718 791 1760 re
809 1703 914 1781 putaui
931 1709 1036 1763 notare
1050 1702 1130 1782 quod

110 1788 149 1848 bl.
163 1788 236 1849 Cato
255 1788 343 1849 aliter
360 1788 443 1850 dixit
466 1807 535 1850 uam
553 1791 585 1850 iu
599 1788 653 1849 llll
672 1791 823 1868 originum
842 1789 935 1851 uerba
952 1791 1025 1852 baec
1044 1799 1128 1852 suut:

38 1901 41 1908 ·
111 1877 279 1980 Imperator
301 1887 413 1959 noster,
436 1880 462 1938 si
480 1880 548 1957 quis
572 1887 656 1938 extra
678 1879 815 1939 ordinem
838 1878 1040 1958 depugnatum
1063 1882 1129 1961 iou,

110 1968 140 2026 ei
164 1965 288 2026 multam
309 1965 389 2027 lacit

200 2058 285 2126 83⁸.
311 2067 383 2126 Geli.
399 2066 499 2126 ΙΙΙ
481 2086 494 2124 r
522 2065 673 2146 Pulcrum,
696 2065 739 2126 dii
761 2065 841 2146 boui,
863 2066 979 2126 lacinus
1002 2064 1129 2126 Graeca·
1136 2065 1189 2116 ²⁶8

110 2172 238 2233 rumque
267 2153 475 2215 facundiarum
507 2155 759 2235 magniloquentia
785 2154 967 2233 condignum
993 2153 1031 2215 bl.
1054 2135 1190 2216 Catuli-⁶

109 2242 196 2303 libris
218 2245 368 2322 originum
391 2244 429 2303 de
451 2242 485 2314 Q
505 2243 655 2324 Caedicio,
674 2243 795 2305 tribuno
817 2243 959 2325 militum,
981 2245 1128 2322 scriptum

110 2330 242 2410 reliquit

199 2419 232 2480 ld
255 2421 390 2500 proiecto
413 2430 460 2482 est
482 2421 519 2482 ad
537 2421 615 2482 bauc
632 2421 727 2482 ferme
745 2424 937 2482 senteutiam:
960 2421 1126 2501 Imperator

109 2508 228 2570 Poenus
250 2512 282 2570 in
305 2518 386 2571 terra
409 2509 510 2572 Sicilia
532 2509 611 2570 bello
633 2509 864 2589 llartbagiueusi
886 2513 982 2590 primo
1007 2509 1126 2571 obuiam
1140 2531 1166 2572 ιι

109 2597 243 2659 Romano
257 2601 393 2660 exercitu
406 2598 607 2680 progreditur,
621 2599 724 2660 culleis
738 2599 880 2678 locosque
898 2598 1023 2660 idoneos
1040 2602 1126 2678 prior

110 2695 244 2767 occupat
281 2687 391 2749 milites
414 2689 553 2768 llomaui,
581 2691 627 2749 uti
653 2707 703 2750 res
730 2696 799 2749 nata
823 2697 882 2769 est,
904 2690 938 2748 iu
959 2688 1059 2749 locum
1080 2690 1125 2749 in-

112 2779 232 2837 sinuant
246 2777 345 2837 fraudi
358 2785 389 2838 et
401 2779 547 2858 perniciei
560 2776 730 2839 obnoxium.
753 2776 906 2838 Tribunus
920 2777 957 2837 ad
971 2776 1125 2838 consulem

110 2867 205 2944 uenit,
233 2865 366 2926 ostendit
395 2869 519 2927 exitium
545 2866 583 2926 de
611 2864 670 2927 loci
692 2867 917 2945 importunitate
940 2873 971 2926 et
992 2865 1125 2926 bostium

110 2955 334 3014 circumstantia
346 2963 506 3016 maturum.
530 2950 668 3016 ‘Censeo'
681 2957 780 3034 iuquit
793 2950 831 3014 ‘si
849 2972 915 3015 rem
931 2972 1053 3015 seruare
1067 2956 1125 3034 uis,
1138 2975 1166 3017 ao

109 3043 295 3124 faciundum,
317 3052 353 3104 ut
375 3044 608 3124 quadringentos
630 3044 746 3123 aliquos
772 3042 882 3104 milites
905 3043 942 3103 ad
965 3061 1125 3104 uerrucam

110 3130 189 3192 illam
212 3129 271 3212 (sic
293 3134 374 3193 euim
397 3132 469 3195 Cato
492 3132 590 3194 locum
614 3133 727 3194 editum
755 3150 955 3212 asperumque
982 3127 1124 3214 appellat)

109 3222 154 3280 ire
166 3220 271 3282 iubeas
285 3239 410 3302 eamque
427 3225 473 3283 uti
491 3229 647 3302 occupent,
661 3223 791 3300 imperes
804 3221 1009 3302 horterisque3
1022 3221 1125 3282 hostes

109 3309 242 3388 proiecto
263 3310 317 3370 ubi
334 3311 364 3371 id
384 3311 525 3392 uiderint,
541 3311 724 3372 fortissimus
743 3312 870 3390 quisque
889 3318 920 3370 et
937 3311 1123 3390 promptissi-

110 3415 176 3458 mus
198 3398 235 3459 ad
259 3401 478 3462 occursandum
499 3400 752 3479 pugnandumque
770 3402 802 3460 in
821 3417 873 3460 eos
892 3407 1123 3479 praeuerteutur
1137 3419 1164 3461 ss

110 3505 229 3566 unoque
252 3487 303 3548 illo
325 3492 445 3569 negotio
468 3507 535 3550 sese
558 3488 728 3568 alligabunt,
752 3497 843 3568 atque
865 3488 909 3548 illi
928 3505 1033 3550 omues
1052 3506 1122 3567 qua-

110 3573 259 3656 dringenti
280 3579 496 3656 proculdubio
514 3577 783 3639 obtruncabuutur.
810 3586 883 3639 tuuc
901 3580 1017 3638 interea
1033 3593 1123 3638 occu·
