2638 4056
446 219 675 277 FRAGMENTA
696 206 809 279 10-1a'.
983 272 987 278 .
1073 224 1139 292 195

121 363 255 430 Licinius
278 365 378 430 Macer
400 376 505 430 auctor
535 377 581 432 est
608 379 638 433 et
665 371 697 432 in
723 370 844 433 foedere
867 371 1028 435 Ardeatino
1052 375 1137 438 etin

121 454 221 518 linteis
243 454 328 520 libris
351 455 388 518 ad
411 456 546 521 Monetae
569 459 699 522 iuuenta.
723 453 779 546 (cf.
794 461 918 540 Dionys.
937 462 992 523 XI
1004 459 1069 546 62.)

212 547 269 618 ld.
293 555 361 618 Llu.
376 553 513 633 111123,
527 556 546 617 1
569 555 697 619 Eosdem
715 557 855 621 consules
873 560 1043 640 insequenti
1059 577 1136 623 anno
1144 561 1201 640 53}

120 641 378 726 refectoqlulium
392 647 516 708 tertium
529 644 702 726 Verginium
716 647 834 731 iterum,
849 648 926 728 apud
940 647 1074 712 Macrum
1087 647 1135 713 Li·
1146 650 1200 703 32⁰

120 733 232 795 cinlum
250 732 381 796 inuenio.
403 731 539 796 Valerius
552 733 655 798 Antias
669 733 787 816 [sr.20]
805 744 835 798 et
849 735 882 808 Q.
897 735 1016 799 Tubero
1031 737 1085 817 [sr.
1098 739 1133 820 d]
1148 752 1163 793 ὁ
1205 779 1208 786 »

119 819 157 884 Μ.
171 819 313 884 Manlium
332 830 361 884 et
380 819 414 895 Q.
429 821 595 906 Sulpicium
614 824 752 888 consules
770 828 802 888 in
821 844 889 887 eum
908 843 1018 890 annum
1033 827 1135 892 edunt.
1203 827 1206 832 ’

119 918 253 974 ceterum
267 913 299 972 in
308 919 370 973 tam
381 912 564 994 discrepanti
576 914 706 977 editione
718 923 748 976 et
760 912 879 977 Tubero
891 925 921 977 et
932 914 1032 979 Macer
1042 915 1136 980 libros

117 999 227 1063 linteos
256 1008 395 1063 auctores
415 1003 614 1085 profitentur,
642 1009 750 1066 neuter
777 1003 915 1066 tribunos
942 1004 1071 1069 militum
1099 1025 1135 1068 eo

119 1107 196 1152 anno
228 1090 321 1153 tuisse
345 1089 487 1153 traditum
511 1089 548 1153 ab
571 1092 769 1173 scriptoribus
799 1095 929 1173 antiquis
959 1092 1134 1158 dissimulat.

118 1179 233 1241 Licinio
256 1178 350 1241 libros
371 1179 451 1242 baud
474 1179 564 1244 dubie
584 1184 668 1262 sequi
686 1181 795 1244 linteos
813 1180 933 1264 placuit,
951 1180 1072 1245 Tubero
1090 1186 1176 1246 in-10

119 1276 221 1330 certus
244 1269 311 1331 ueri
334 1275 388 1330 est.
426 1269 478 1331 sed
506 1270 587 1332 inter
614 1276 713 1338 cetera
741 1277 890 1334 uetustate
914 1279 1054 1352 cooperta
1077 1269 1134 1335 hoc

118 1375 238 1440 quoque
261 1359 293 1419 in
315 1358 432 1420 incerto
454 1361 594 1439 positum.

210 1449 266 1519 15.
289 1455 358 1518 Liu.
372 1456 516 1532 111120,
534 1457 557 1517 5
579 1455 690 1518 Omnis·
701 1464 769 1518 ante
788 1475 835 1518 me
854 1464 991 1519 auctores
1011 1467 1134 1522 secutus

118 1545 150 1607 A.
180 1544 350 1607 Cornelium
378 1544 503 1608 Cossum
534 1544 689 1608 tribunum
721 1545 850 1608 mllitum
882 1546 1012 1609 secunda
1040 1547 1133 1630 spolia

118 1635 218 1715 opima
243 1632 324 1696 louis
352 1631 481 1696 Feretrii
514 1634 624 1716 templo
656 1633 792 1696 intulisse
821 1637 953 1715 exposui.
990 1643 1174 1721 ceterum,1⁵

116 1730 326 1804 praeterquam
359 1722 438 1804 quod
471 1740 506 1785 ea
537 1725 595 1786 rite
623 1725 721 1803 opima
748 1723 840 1804 spolia
867 1723 1029 1807 habentur,
1056 1744 1132 1806 quae

118 1812 178 1874 dux
202 1811 271 1874 duci
294 1812 431 1894 detraxit,
453 1830 509 1874 nec
532 1811 639 1874 ducem
657 1813 797 1874 nouimus
815 1814 875 1874 nisi
893 1815 979 1876 cuius
998 1817 1132 1894 auspicio

117 1900 228 1963 bellum
252 1903 381 1984 geritur,
404 1899 510 1964 titulus
533 1902 598 1982 ipse
622 1900 725 1982 spolils
747 1903 911 1981 inscriptus
934 1901 1001 1964 illos
1024 1921 1131 1985 meque

117 1993 216 2072 arguit
239 1989 393 2052 consulem
416 2009 449 2052 ea
473 1989 597 2052 Cossum
621 1991 746 2069 cepisse.
761 2023 802 2034 -
817 1992 928 2070 -qui
946 1993 973 2052 si
991 2009 1023 2053 ea
1047 1993 1079 2052 in
1098 2011 1131 2053 re

117 2083 157 2143 sit
180 2098 274 2160 error,
297 2079 377 2160 quod
396 2087 457 2141 tam
476 2088 596 2141 ueteres
611 2077 730 2140 annales
750 2077 889 2159 quodque
903 2080 1130 2159 magistratuum
1145 2093 1173 2134 2⁰

115 2168 194 2251 libri,
213 2187 289 2250 quos
307 2168 415 2230 linteos
433 2169 465 2229 in
483 2168 555 2230 aede
574 2168 722 2248 repositos
736 2166 871 2228 Monetae
885 2166 985 2229 Macer
998 2168 1131 2231 Licinius

31 2299 34 2302 -
115 2261 188 2321 citat
210 2257 373 2321 identidem
397 2263 551 2338 auctores,
573 2259 700 2338 septimo
727 2264 796 2336 post
819 2255 938 2319 demum
961 2275 1038 2318 anno
1062 2277 1131 2320 cum

115 2347 148 2408 T.
163 2346 302 2418 Quinctio
321 2345 421 2408 Poeno
442 2345 474 2407 Α.
489 2345 661 2408 Cornelium
679 2345 805 2407 Cossum
824 2344 976 2408 consulem
994 2345 1131 2430 habeant,

115 2437 292 2498 existimatio
317 2437 484 2497 communis
512 2434 650 2497 omnibus
678 2443 732 2497 est.
769 2453 837 2496 nam
867 2436 956 2496 etiam
983 2435 1056 2497 illud
1083 2454 1130 2498 ac·

114 2523 207 2606 cedit,
225 2543 263 2586 ne
286 2532 348 2586 tam
365 2523 444 2586 clara
462 2542 562 2604 pugna
579 2525 611 2585 in
630 2542 699 2585 eum
717 2541 829 2585 annum
847 2523 1003 2586 transferri
1026 2527 1129 2606 possit,
1143 2535 1171 2577 ¹⁵

113 2612 194 2694 quod
216 2612 325 2675 inbelle
349 2615 511 2675 triennium
531 2613 624 2675 terme
642 2611 812 2692 pestilentia
829 2613 988 2692 inopiaque
1009 2593 1193 2692 ungenti-⁸

113 2705 193 2765 circa
212 2702 245 2764 Α.
259 2701 430 2765 Cornelium
453 2701 606 2764 consulem
629 2701 695 2782 suit,
718 2701 790 2762 adeo
813 2707 849 2762 ut
870 2701 989 2781 quidam
1009 2700 1129 2762 annales
1139 2682 1193 2732 ³²⁶

112 2792 199 2854 uelut
230 2791 341 2853 funesti
372 2789 448 2852 nihil
478 2798 597 2871 praeter
629 2792 749 2851 nomina
776 2789 933 2851 consulum
959 2797 1129 2869 suggerant.

113 2883 221 2943 tertius
244 2880 281 2942 ab
305 2879 461 2942 consulatu
485 2879 571 2942 Cossi
597 2898 693 2942 annus
720 2878 875 2941 tribunum
903 2896 971 2939 eum
1001 2877 1129 2942 militum

112 2969 263 3032 consulari
285 2976 432 3050 potestate
454 2968 553 3050 habet,
572 2969 676 3030 eodem
695 2986 773 3029 anno
791 2968 965 3047 magistrum
984 2969 1129 3050 equitum,
1142 2979 1170 3020 ³0

113 3077 172 3139 quo
191 3062 223 3121 in
241 3061 366 3138 imperio
381 3058 504 3122 alteram
522 3059 670 3137 insignem
689 3057 782 3118 edidit
800 3073 929 3136 pugnam
949 3063 1128 3136 equestrem.

204 3159 261 3228 16.
285 3167 351 3227 Liu.
378 3165 442 3227 VII
462 3164 491 3242 9,
510 3165 532 3225 3
554 3163 735 3225 Dictaturam
754 3163 786 3223 T.
802 3161 975 3234 Quinctium
994 3161 1128 3224 Poenum

112 3274 148 3316 eo
173 3273 250 3316 auno
278 3255 370 3316 luisse
398 3255 471 3315 satis
499 3259 615 3315 constat
643 3263 673 3314 et
701 3253 876 3330 magistrum
904 3253 1038 3331 equitum
1064 3251 1127 3312 Ser.

113 3343 284 3406 Cornelium
298 3341 541 3422 Maluginensem.
559 3340 659 3402 blacer
667 3339 801 3402 Licinius
816 3342 1005 3402 comitiorum
1018 3339 1127 3402 haben·

112 3434 219 3494 dorum
243 3450 333 3494 causa
359 3440 390 3493 et
417 3430 454 3492 ab
477 3430 592 3492 Licinio
620 3429 742 3490 consule
771 3427 883 3490 dictum
911 3429 1029 3510 scribit,
1058 3431 1127 3509 quia
1141 3433 1167 3474 ⁸⁵

112 3522 224 3602 collega
248 3521 367 3582 comitia
394 3519 472 3581 bello
499 3518 650 3600 praeferre
678 3519 851 3598 festinante,
878 3526 913 3578 ut
939 3517 1190 3596 continuaret-3⁶4¹

112 3610 309 3693 consulatum,
323 3609 443 3672 obuiam
462 3609 592 3671 eundum
611 3625 721 3688 prauae
740 3605 896 3686 cupiditati
914 3605 1013 3669 luerit.
1032 3605 1126 3678 Quae·
1137 3606 1190 3655 ³90

914 3706 967 3762 13*
