2620 4054
195 205 262 270 282
560 202 588 258 o.
608 199 696 258 rvnu
714 201 847 258 uranu
1276 224 1277 282 y

194 374 210 416 a
225 352 467 416 Lacedaemoniis
482 353 628 430 originem
643 351 766 432 ducunt,
781 359 814 413 ut
829 350 963 432 Hyginus
982 354 1023 414 ait
1042 353 1079 414 de
1099 355 1209 435 origine
1277 334 1278 384 l

195 443 315 506 urbium
338 439 517 521 Italicarum,
539 460 557 501 a
581 439 667 522 Sabo,
692 442 744 520 qui
766 441 803 504 de
822 440 946 503 Perside
964 441 1210 508 Lacedaemonios
1278 446 1279 488 l

193 533 343 594 transiens
367 530 403 591 ad
426 528 540 591 ltaliam
564 532 648 592 uenit
675 537 705 592 et
733 529 865 610 expulsis
889 528 999 592 Siculis
1027 534 1124 596 tenuit
1150 531 1210 596 loca
1279 556 1280 606 y

195 639 270 703 quae
304 619 406 696 Sebini
438 617 558 681 habent.
593 637 662 682 nam
694 628 725 679 et
756 625 872 698 partem
902 618 1063 682 Persarum
1095 624 1210 710 nomine
1280 666 1281 724 ,

195 710 333 789 Caspiros
362 707 511 787 appellare
542 710 691 789 coepisse,
721 710 774 788 qui
796 715 864 788 post
893 718 1036 789 corrupte
1060 709 1238 790 Casperuli⁵

193 800 267 862 dicti
290 806 370 860 sunt.
394 790 450 881 (cf.
469 800 532 860 Cat.
549 797 592 874 fr.
607 798 656 858 51.
679 798 751 860 Gell.
768 796 812 873 fr.
827 789 894 879 10.)

283 883 337 951 10.
362 889 451 949 Seru.
472 891 503 948 in
522 889 595 950 Aen.
618 887 699 948 127
703 887 723 945 7
755 885 842 948 Vrbis
866 887 947 948 enim
970 886 1050 949 illius
1070 887 1210 968 [Romae]

192 995 299 1040 uerum
315 995 423 1039 nomen
438 995 526 1037 nomo
541 974 590 1038 uel
604 977 636 1037 in
651 977 744 1037 sacris
759 977 903 1038 enuntiat.
926 974 1055 1056 denique
1074 977 1211 1040 tribunus

193 1066 293 1147 plebei
315 1065 434 1146 quidam
455 1064 589 1126 Valerius
609 1064 750 1145 Soranus,
773 1072 808 1126 ut
831 1065 872 1126 ait
892 1063 985 1126 Varro
1002 1074 1032 1126 et
1050 1066 1137 1129 multi
1154 1067 1212 1150 alii,

192 1156 249 1218 hoo
273 1174 380 1218 nomen
405 1172 495 1216 ausus
525 1155 694 1233 enuntiare,
718 1161 752 1215 ut
780 1153 900 1232 quidam
924 1154 1041 1235 dicunt,
1065 1164 1168 1236 raptus
1196 1169 1253 1218 a1⁰
1284 1111 1285 1202 l

192 1254 298 1308 senatu
322 1252 351 1306 et
379 1245 410 1304 in
434 1261 555 1305 crucem
578 1243 695 1306 leuatus
721 1250 775 1304 est.
794 1276 838 1286 -
861 1241 918 1304 boc
937 1251 1036 1304 autem
1056 1244 1140 1306 urbis
1163 1263 1212 1307 no·
1285 1223 1286 1314 l

192 1352 260 1395 meu
291 1352 328 1394 ne
352 1331 486 1413 Hyginus
511 1331 645 1411 quidem,
668 1349 738 1394 cum
765 1331 801 1392 de
830 1333 892 1394 situ
919 1331 1003 1394 urbis
1031 1332 1213 1416 loqueretur,
1286 1333 1287 1382 l

192 1425 347 1503 expressit.
869 1423 871 1434 ’

283 1515 340 1582 ll.
365 1521 453 1583 Sero.
474 1522 505 1582 in
524 1521 599 1582 Aen.
622 1518 764 1579 111412
791 1518 875 1581 Licet
893 1516 1028 1598 Hyginus
1051 1521 1082 1580 in
1101 1519 1213 1582 Italicis

193 1608 320 1670 urbibus
343 1609 380 1672 ab
403 1610 529 1688 augurio
553 1610 619 1669 auis
643 1608 749 1669 ardeae
769 1606 932 1686 [Ardeam]
953 1606 1062 1670 dictam
1085 1609 1167 1670 uelit.
1229 1621 1255 1660 1⁵
1288 1603 1289 1626 ³

285 1693 342 1760 12.
362 1699 451 1760 Seru.
466 1701 498 1760 in
512 1700 587 1759 Aen.
610 1698 691 1758 VIII
702 1696 770 1758 597
788 1695 891 1777 dnga
905 1699 1012 1759 ciuitas
1027 1705 1074 1759 est
1087 1698 1214 1760 Tusciae
1289 1667 1290 1758 l

187 1805 209 1873 ¹a
232 1788 387 1849 conditore
412 1785 548 1866 [nqeue]
573 1785 731 1867 appellata,
759 1787 810 1848 oui
837 1804 874 1848 ex
901 1787 1060 1849 inscientia
1082 1787 1214 1849 Romana

192 1875 272 1937 aliud
300 1884 347 1938 est
373 1875 503 1939 inditum
531 1893 649 1937 nomen.
686 1893 755 1937 nam
784 1893 854 1938 oum
876 1875 1002 1938 Romani
1030 1885 1136 1939 euntes
1159 1895 1215 1957 per
1291 1889 1292 1968 y

193 1964 331 2028 Tusciam
350 1967 571 2044 interrogarent
585 1963 745 2045 Agyllinos,
764 1982 839 2044 quae
859 1964 1011 2028 diceretur
1030 1967 1146 2046 ciuitas,
1161 1965 1214 2047 illi,
1292 2001 1293 2018 1

192 2062 295 2133 utpote
319 2053 437 2134 Gracci,
462 2054 534 2134 quid
557 2055 709 2135 audirent,
732 2056 905 2133 ignorantes
934 2064 964 2116 et
991 2057 1138 2133 optimum
1161 2054 1214 2116 du·
1230 2067 1257 2105 ²0

192 2152 304 2223 centes,
328 2145 354 2204 sl
377 2145 462 2222 prius
485 2161 537 2204 eos
557 2143 729 2223 salutarent,
747 2143 888 2206 dixerunt
910 2149 1005 2224 χαῖρεε
1026 2151 1117 2223 ¹quam
1137 2143 1214 2204 salu·

192 2234 334 2294 tationem
361 2231 487 2294 Romani
515 2251 623 2294 nomen
651 2234 783 2297 ciuitatis
810 2250 876 2294 csse
904 2240 1088 2310 putauerunt
1110 2240 1140 2308 et
1164 2231 1216 2293 de·

194 2328 288 2382 tracta
302 2322 482 2399 aspiratione
498 2339 563 2383 earn
579 2321 671 2384 Caere
686 2323 926 2402 nominauerunt,
942 2329 976 2382 ut
989 2321 1063 2380 dixit
1077 2319 1215 2399 Hyginus

192 2411 223 2469 in
247 2409 373 2470 urbibus
397 2409 515 2472 italicis
540 2404 595 2495 (cs.
610 2415 642 2474 in
662 2412 696 2472 X
706 2410 776 2472 183.
801 2411 878 2470 Ptin.
897 2427 926 2469 n.
940 2411 969 2470 b.
984 2407 1116 2490 11151.)

285 2501 342 2570 13.
357 2508 446 2570 Seru.
458 2512 489 2570 tn
499 2509 573 2570 Aen.
586 2510 641 2570 III
647 2509 712 2569 553
727 2506 821 2568 dorlon
836 2523 921 2566 mons
936 2512 982 2566 est
996 2504 1147 2567 Calabriae
1158 2540 1213 2587 -,
1230 2521 1259 2561 25

192 2597 224 2657 in
248 2614 307 2674 quo
331 2596 474 2676 oppidum
497 2597 555 2659 luit
577 2615 593 2658 a
617 2598 721 2658 Locris
744 2593 912 2675 conditum,
941 2594 1020 2675 quod
1045 2595 1213 2657 seeundum

192 2684 354 2766 Hyginum,
378 2688 430 2766 qui
457 2688 579 2766 scripsit
607 2685 644 2746 de
673 2687 732 2746 situ
761 2682 882 2745 urbium
905 2683 1070 2766 ltaliarum,
1093 2681 1117 2764 †
1139 2683 1212 2744 olim

193 2792 253 2835 non
277 2782 331 2834 est.

290 2899 389 2956 LIBRI
408 2898 636 2973 nonnullius
656 2896 829 2954 TROIANIS
848 2897 1108 2954 FRAGMENTVM

284 3009 341 3080 14.
366 3018 453 3078 Seru.
474 3018 505 3075 tn
524 3014 597 3073 Aen.
620 3011 721 3073 Veee
750 3011 828 3074 Sane
852 3013 1006 3075 sciendum
1030 3012 1109 3075 bunc
1135 3009 1213 3090 [En-

192 3103 306 3183 tellum]
323 3103 487 3166 seoundum
501 3100 659 3184 Hyginum,
674 3103 726 3181 qui
740 3101 777 3162 de
793 3101 912 3163 familiis
927 3101 1063 3163 Troianis
1078 3103 1213 3182 scripsit,
1229 3124 1259 3164 so

193 3211 285 3297 uuum
314 3193 510 3254 Troianorum
539 3190 645 3272 luisse,
672 3191 709 3252 dc
740 3209 798 3271 quo
822 3189 969 3270 Vergilius
996 3197 1092 3251 mutat
1118 3189 1214 3252 histo-

192 3299 275 3344 rram.

427 3379 515 3438 ALIA
534 3379 764 3438 FRAGMENTA
782 3376 974 3436 Hieronica

284 3487 341 3558 lb.
365 3494 453 3556 Seru,
469 3499 500 3556 in
515 3494 588 3556 Aen.
604 3495 695 3556 1115
718 3493 759 3555 lle
779 3493 835 3554 hoo
855 3511 933 3572 equo
947 3491 1111 3571 [Tretano]
1128 3494 1215 3554 uaria

192 3585 224 3646 iu
242 3583 376 3644 historiis
391 3582 466 3644 lecta
486 3591 565 3646 suut.
585 3591 619 3644 ut
633 3582 767 3663 Hyginus
786 3589 816 3642 et
835 3579 955 3644 Tubero
975 3582 1032 3661 [fr.
1047 3580 1081 3659 2]
1097 3582 1215 3664 dicunt,
