2638 4056
458 241 687 299 3333333333
704 248 819 304 13-33.
1083 245 1143 310 111

129 394 207 456 hona
240 393 347 455 deinde
376 392 409 454 L.
438 391 585 471 Scipionis
615 411 788 472 possessum
820 394 939 473 publice
972 404 1183 475 quaestorcsy

128 491 250 564 praetor
271 484 361 546 misit
407 499 505 562 neque
532 484 564 543 13
591 484 629 544 iis
656 501 718 544 333
745 483 833 544 modo
860 486 1022 565 uestigium
1052 485 1147 548 ullum

129 575 296 653 comparuit
309 573 454 652 pecuniae
468 573 577 653 regiae,
591 571 644 633 sed
659 589 846 652 nequaquam
860 581 977 636 tautum
991 575 1146 638 redactum

128 670 176 724 est
198 669 326 742 quarum
349 679 483 723 summae
505 661 662 722 damnatus
684 660 791 723 iuerat.
822 663 937 725 conlata
960 681 995 724 ea
1017 667 1181 745 pecuniae

127 770 145 812 3
172 754 305 830 cognatis
328 753 490 830 amicisque
514 758 545 811 31
566 749 727 812 clientibus
750 758 796 812 est
818 751 851 813 L.
876 751 1021 834 Scipioni,
1043 763 1092 836 ut,
1119 755 1172 816 313

127 843 371 920 3331333313333,
393 838 571 919 locupletior
589 839 740 920 aliquanto
758 849 847 922 essct,
871 859 960 921 33333
982 851 1051 905 3313
1070 843 1145 905 3313-

126 932 262 994 mitatem
285 930 391 992 luerat.
422 927 498 990 nihil
519 929 643 1009 accepit
680 947 756 1009 quac
779 933 949 994 necessaria
971 931 1006 992 ad
1030 931 1145 996 cultum

127 1028 222 1100 erant,
245 1019 399 1098 redempta
422 1020 489 1079 313
512 1019 657 1098 proximis
680 1020 815 1097 cognatis
839 1026 918 1081 3331.
954 1027 1144 1102 veneratque
1170 1055 1174 1062 ·

127 1109 302 1189 Scipionum
324 1107 438 1169 inuidia
460 1110 491 1169 in
515 1115 684 1187 praetorem
707 1115 737 1169 31
760 1107 918 1170 consilium
945 1111 1010 1171 eius
1038 1117 1069 1171 et
1096 1129 1143 1172 ac·

126 1205 289 1261 cusatores.
313 1196 459 1276 [ει-0311.
482 1198 527 1258 VI
535 1197 621 1278 19,8
644 1195 778 1260 Valerius
801 1207 901 1260 eutem
919 1199 1022 1260 Antias
1040 1208 1185 1260 contram

126 1288 204 1350 hauc
217 1287 407 1350 decretorum
426 1287 599 1350 memoriam
612 1293 777 1366 contraque
795 1288 989 1350 auctoritates
1005 1296 1145 1350 ueterum

126 1377 277 1440 aunahum
299 1383 369 1456 post
390 1376 524 1438 Africani
544 1383 672 1438 mortem
700 1377 946 1438 intercessionem
973 1379 1061 1440 istam
1088 1396 1144 1458 pro

127 1466 267 1546 Scipione
300 1468 428 1528 Asiatico
461 1466 567 1526 iactam
599 1483 667 1526 esse
698 1483 716 1526 a
743 1464 864 1528 Tiberio
896 1465 1030 1528 Graccho
1060 1466 1144 1548 dixit,

125 1574 225 1637 neque
247 1555 371 1618 multam
393 1557 554 1636 irrogatam
574 1553 715 1635 Scipioni,
739 1554 791 1616 sed
811 1554 982 1618 damnatum
1006 1573 1074 1616 eum
1092 1574 1143 1635 pe·

126 1644 244 1708 culatus
266 1643 306 1706 oh
323 1643 531 1706 Antiochinam
551 1645 718 1725 pecuniam,
733 1646 802 1723 quia
819 1644 946 1723 praedes
968 1662 1029 1706 333
1050 1644 1143 1726 daret,
1158 1664 1184 1707 33

125 1736 158 1796 13
181 1752 332 1796 carcerem
356 1733 427 1795 duci
449 1739 589 1812 coeptum
612 1741 701 1812 atque
724 1735 765 1794 ita
784 1733 988 1796 intercedente
1008 1732 1142 1795 Graccho

126 1821 320 1903 exemptum]

215 1916 274 1984 46.
298 1922 366 1984 Lt‘u.
380 1921 584 1983 XXXVIIII
598 1918 684 2001 22‚8
719 1919 750 1982 L.
777 1919 877 1999 Scipio
899 1919 987 1982 ludes
1010 1938 1046 1981 eo
1069 1928 1142 1982 tem·
1154 1908 1205 1959 ¹⁸⁶

123 2030 208 2093 pore,
231 2029 307 2092 quos
329 2009 407 2074 hello
424 2009 564 2071 Antiochi
587 2009 709 2070 uouisse
733 2026 799 2070 sese
822 2007 948 2089 dicebat,
971 2027 1008 2070 ex
1026 2008 1142 2072 3331313
1152 2000 1205 2049 666

125 2098 216 2162 adid
239 2102 367 2180 pecunia
390 2099 427 2162 ab
454 2097 576 2178 regibus
604 2096 836 2178 ciuitatibusque
864 2116 919 2176 per
947 2097 1011 2160 dics
1038 2098 1142 2160 decem
1156 2121 1183 2162 so

8 2207 10 2224 ¹
125 2190 205 2252 fecit.
243 2189 373 2270 legatum
405 2207 475 2252 eum
506 2198 575 2267 post
602 2186 821 2250 damnationem
853 2193 884 2248 et
915 2186 992 2248 bcua
1019 2186 1142 2248 uendita

125 2280 250 2340 missum
273 2278 422 2340 13131331
446 2277 483 2340 ad
506 2276 674 2339 dirimenda
690 2277 770 2338 inter
788 2275 967 2338 Antiochum
986 2275 1141 2340 31113133-

126 2386 194 2430 nem
217 2386 303 2448 reges
326 2369 489 2430 certamina
508 2365 763 2429 113133133131133
783 2373 829 2427 cst
848 2372 966 2447 auctor;
988 2372 1141 2428 1313333-

126 2457 199 2518 latas
227 2459 256 2518 31
282 2459 425 2537 pecunias
453 2463 708 2536 congregatosque
735 2456 912 2534 parasium
940 2455 1083 2535 artifices,
1110 2462 1141 2516 ct

125 2563 252 2627 quorum
275 2546 414 2630 ludorum
436 2553 506 2625 post
528 2544 648 2624 bellum,
670 2545 702 2604 13
726 2561 785 2623 quo
805 2549 892 2605 notos
915 2543 1037 2625 diceret,
1059 2561 1141 2604 meu·
1155 2564 1182 2607 m

124 2637 238 2702 tionem
250 2654 311 2697 333
325 2635 454 2716 lecisset,
469 2635 506 2698 de
524 2635 562 2696 iis
575 2639 644 2714 post
662 2631 840 2711 legationem
854 2632 974 2694 demum
988 2634 1019 2695 13
1034 2639 1151 2694 333313

122 2731 234 2786 actum

214 2815 273 2884 47.
297 2823 365 2884 Lite.
383 2821 588 2884 XXXVIIII
603 2820 694 2896 41,5
731 2817 903 2882 Secundum
926 2819 1045 2879 comitia
1072 2817 1203 2897 ceu-{844

123 2929 228 2972 sorum
245 2910 383 2974 33333133
401 2919 616 2992 praetoresque
634 2910 666 2970 iu
684 2909 856 2990 prouincias
875 2906 1203 2987 333133113333133510

123 3000 159 3072 11.
172 2999 327 3081 Naeuium,
347 3017 436 3080 33333
455 3007 597 3080 quattuor
615 3017 675 3060 333
693 2999 794 3059 minus
816 3013 945 3077 meuses,
965 2998 1140 3076 priusquam
1154 3019 1181 3060 so

123 3092 156 3150 in
180 3088 345 3150 Sardiniam
368 3092 440 3170 iret,
463 3090 653 3169 quaestiones
676 3087 828 3168 ueneficii,
855 3102 981 3166 quarum
1004 3103 1141 3164 magnam

123 3185 240 3258 partem
262 3187 347 3240 extra
369 3177 475 3240 urbem
499 3195 554 3258 per
577 3178 737 3255 municipia
756 3173 1010 3255 conciliabulaque
1027 3173 1140 3255 habuit,

121 3269 194 3348 qula
217 3269 258 3328 ita
281 3269 379 3347 aptius
402 3269 502 3329 uisum
533 3274 611 3347 erat,
634 3272 804 3327 tenuerunt.
841 3265 868 3325 31
890 3265 1002 3326 Antiati
1024 3262 1140 3326 Valerio

123 3356 248 3418 credere
270 3356 353 3437 libet,
375 3357 412 3418 ad
435 3356 495 3418 duo
518 3355 601 3417 milia
621 3354 777 3416 hominum
799 3353 959 3414 damnauit.

214 3448 272 3518 48.
296 3456 365 3518 Lan.
384 3455 484 3516 XXX
488 3455 588 3515 VIIII
602 3453 654 3533 43,
673 3453 692 3512 1
727 3449 862 3512 Valerius
884 3448 1001 3529 Antias,
1028 3456 1063 3510 ut
1090 3437 1204 3530 qui¹⁸4

123 3561 180 3606 nec
194 3546 359 3605 oraticnem
370 3542 490 3604 Catonis
503 3543 626 3622 legisset
635 3549 666 3603 et
678 3538 795 3602 fabulae
809 3545 926 3601 tautum
940 3538 1005 3599 sine
1019 3545 1141 3600 auctore
1150 3528 1204 3578 ⁶⁷⁰

77 3725 81 3730 Ι
122 3633 222 3696 editae
241 3633 428 3716 credidisset,
450 3631 530 3694 aliud
553 3635 771 3711 argumentum,
794 3627 890 3690 simile
908 3635 1008 3688 tamen
1027 3634 1058 3688 et
1075 3626 1141 3688 libi·
