2620 4054
111 224 190 279 AEL.
202 219 909 283 snssluvscvfflvsFortunenlvumonnl
919 219 1046 274 TESTd.
1066 218 1133 284 343

14 383 15 386 ’
112 372 254 435 onrium
273 380 303 434 et
320 371 429 433 Nllum.
457 389 532 451 quae
556 371 678 451 quidem
701 370 737 431 ad
760 370 817 431 hoc
841 369 971 449 scripsit,
993 375 1028 430 ut
1047 367 1130 429 Cice-

113 464 196 523 ronis
214 470 349 540 poemata
368 463 457 522 nimis
476 463 597 539 antiqua
615 460 801 521 uiderentur.
826 459 948 538 scripsit
966 465 1130 536 praeterea,

114 550 364 631 quemadmodum
383 549 529 630 Vergilius
548 549 695 610 Aeneidos
715 557 745 609 et
765 547 877 609 Statius
896 546 1076 608 Achilleidos
1100 553 1130 606 et
1254 599 1258 608 .

113 639 201 701 multi
227 638 277 700 alii
300 635 451 719 †elidos,
477 641 519 704 ita
547 641 637 700 etiam
663 637 712 698 illc
740 636 968 716 Antoniniados,
1000 635 1056 696 hoc
1086 642 1132 696 est

114 728 296 790 Antoninum
320 727 406 789 Pium
434 735 464 788 et
487 728 670 789 Antoninum
692 727 839 806 Marcum,
868 723 1006 786 uersibus
1035 725 1158 787 diser-o

114 819 239 878 tlssimis
261 816 347 878 libris
373 819 495 896 triginta
524 817 616 877 uitam
644 815 763 877 illorum
792 822 822 876 et
849 813 926 876 bella
954 823 984 874 et
1011 812 1131 892 publice

114 907 314 986 priuatimuue
332 913 415 986 gesta
433 905 633 985 perscribens
657 905 778 966 ethaeo
803 903 923 982 quidem
946 903 1100 982 puerulus.
1125 951 1127 958 ,

77 991 112 1058 2.
140 995 235 1072 eupit.
253 997 385 1070 GorM,
404 996 425 1055 7
444 995 572 1074 Scripsit
585 1002 615 1055 et
630 991 983 1054 laudessolutaoratione
997 995 1130 1053 omnium

113 1084 342 1164 Antoninorum,
366 1086 508 1164 quiante
533 1101 601 1144 enm
624 1083 754 1144 suerunt.

402 1254 590 1342 AELIVS
623 1254 843 1342 SABINVS

491 1402 755 1460 FRAGMENTVM

205 1514 237 1581 l.
265 1521 361 1598 Capit.
376 1519 504 1582 Maxim.
518 1518 569 1593 32,
583 1519 603 1580 1
626 1517 738 1579 Scribit
760 1517 862 1579 Aelius
886 1518 1027 1599 SabInus,
1052 1517 1196 1622 quod²38

113 1610 413 1714 praetermittendum
445 1626 505 1669 non
537 1608 606 1688 luit,
638 1614 750 1669 tantam
782 1607 1035 1686 pulchritudinem
1070 1625 1131 1669 orrs
1142 1608 1195 1657 991

115 1697 243 1759 luisse
235 1717 267 1760 m
295 1698 369 1779 filio,
398 1705 433 1759 ut
459 1699 549 1758 etiam
577 1703 667 1776 caput
694 1697 759 1758 eius
783 1699 893 1759 mortui
920 1699 979 1758 iam
1004 1698 1133 1778 nigrum,

115 1788 173 1848 iam
197 1787 362 1869 sordem,
354 1806 412 1848 ram
436 1793 627 1867 maceratum,
649 1785 803 1846 dliiluente
826 1785 894 1846 taho
918 1785 1003 1847 uelut
1027 1785 1132 1847 umbra

117 1873 236 1953 pulchri
258 1877 320 1938 oris
338 1877 502 1937 uideretur,
526 1875 654 1954 denique
673 1892 742 1936 cum
760 1875 866 1954 ingens
884 1875 1025 1954 gaudium
1045 1883 1132 1956 esset,

118 1962 198 2041 quod
227 1971 316 2043 caput
338 1964 490 2027 Maximini
516 1965 684 2044 uideretur,
711 1981 804 2042 prope
832 1981 886 2042 par
913 1981 1031 2025 maeror
1059 1971 1173 2043 erat,1e

118 2051 198 2131 quod
222 2060 252 2114 et
274 2052 327 2114 lilii
349 2057 462 2132 pariter
484 2060 664 2132 portaretur.

305 2233 490 2322 omiss
521 2232 951 2322 nonsummum
1044 2197 1048 2206 ’

495 2383 752 2440 TESTIMONIVM

81 2491 116 2559 l.
144 2498 239 2574 Capit.
250 2496 337 2558 Mac.
351 2504 382 2558 et
394 2498 479 2559 Bclb.
494 2499 525 2577 4,
539 2499 561 2558 5
585 2497 644 2559 Sed
658 2500 832 2578 priusquam
847 2497 883 2558 de
899 2496 1014 2558 actibus
1029 2515 1134 2558 eorum

118 2584 265 2664 [Maximi
281 2592 311 2648 et
328 2584 464 2663 Balbini]
488 2586 601 2666 loquar,
619 2586 717 2666 placet
740 2586 837 2668 aliqua
861 2587 921 2648 dici
943 2586 980 2646 de
999 2585 1134 2646 moribus

117 2683 206 2754 atque
230 2692 353 2755 genere,
378 2691 438 2734 non
466 2693 501 2734 eo
529 2675 617 2736 modo
649 2694 707 2755 qun
731 2676 835 2736 lunius
858 2675 973 2737 Gordus
997 2682 1043 2736 est
1065 2692 1133 2754 per·

117 2770 240 2826 secutus
263 2765 370 2844 omnia,
389 2762 442 2824 sed
460 2762 510 2823 illo
530 2781 589 2842 qno
609 2763 770 2826 Suetonius
789 2763 980 2845 Tranquillus
1004 2770 1034 2824 et
1051 2761 1133 2824 Vale·
1146 2786 1175 2827 eo

117 2855 181 2914 rius
195 2851 385 2913 Marcellinus
400 2849 548 2932 [pomp
559 2855 695 2931 quamuis
710 2853 817 2914 Curius
827 2853 1066 2933 Fortunatianus,
1082 2851 1135 2932 qui

118 2960 236 3003 omnem
252 2941 329 3003 hanc
346 2941 503 3002 historiam
521 2943 705 3022 perscripsit,
723 2960 818 3020 pauca
837 2943 1003 3022 contigerit,
1018 2939 1134 3003 Cordus

118 3048 192 3092 nero
215 3038 275 3092 tam
299 3028 399 3110 multa,
422 3037 457 3091 ut
480 3031 569 3091 etiam
591 3027 733 3108 pleraque
752 3038 782 3093 et
805 3033 904 3092 minus
923 3030 1048 3092 honesta
1066 3048 1133 3110 per-

118 3121 281 3199 scripserit.

309 3245 496 3335 AELIVS
528 3243 702 3333 IVNIVS
735 3245 939 3333 CORDVS

517 3393 743 3451 TESTIMONIA

85 3502 119 3572 l.
147 3510 243 3586 Capit.
271 3511 346 3588 Opil.
364 3511 392 3587 1,
415 3512 437 3572 3
468 3510 507 3572 Et
529 3510 614 3572 lunio
642 3508 763 3589 quidem
791 3507 887 3568 Cordo
916 3509 1048 3572 studium
1078 3511 1135 3573 luit
1148 3531 1175 3574 so

119 3615 223 3659 eorum
246 3599 459 3678 imperatorum
477 3602 555 3662 uitas
578 3598 677 3678 edere,
696 3615 771 3678 quos
790 3595 980 3659 obscuriores
998 3598 1135 3678 uidebat;
