2620 4054
116 208 217 264 Tusa.
230 215 307 263 t-a.
329 209 384 266 CN.
399 207 544 264 Doulou
564 206 793 266 CORBVLONIS
813 211 1037 267 FRAGM.1-2.
1062 212 1127 278 303

83 357 116 424 2.
143 357 212 418 Tac.
232 377 302 418 ooo.
318 357 402 419 XVI
415 359 458 418 14
477 347 593 436 [006.
611 359 688 439 819]
727 357 820 438 Igitur
843 363 1017 441 interceptis
1041 361 1128 423 Antei

117 445 234 528 litteris,
246 446 373 510 ¹furatus
391 446 554 526 [Antistius
573 447 732 526 Sosianus]
755 439 851 512 etiam·
865 449 994 534 libellos,
1018 451 1127 532 quibus

111 534 180 596 'dies
203 533 339 614 genitalis
364 537 427 597 eins
456 545 485 598 et
513 543 657 600 euentura
681 538 805 600 secretis
831 537 999 601 Pammenis
1030 540 1127 603 occul-

115 620 263 705 tabantur,
284 623 371 684 simul
394 627 530 708 repertis,
550 645 624 705 quae
644 623 767 688 de'ortu
787 630 908 708 uitaque
928 629 1038 690 Ostorii
1058 630 1125 692 Sca·

115 713 202 792 pulae
226 715 388 792 composita
408 723 505 795 erant·
525 715 629 776 scribit
647 715 683 776 ad
703 717 867 798 principem
882 752 926 760 —
939 752 993 800 -‚
1016 723 1153 799 quippes

115 802 253 864 Anteium
278 811 307 862 et
331 801 481 864 Ostorium
505 802 660 866 imminere
684 804 774 866 rebus
804 814 834 866 et
857 820 910 867 sna
934 805 1126 889 Caesarisque

4 929 9 980 κ,
114 892 172 952 lata
197 894 396 953 scrutari.·—
417 900 505 972 atque
528 891 578 952 ille
601 892 707 954 hausto
732 912 850 983 ueneno
870 893 1038 956 tarditatem
1062 901 1126 959 eins

3 983 6 1062 J
113 982 414 1060 perosus-intercisis
437 984 522 1042 irenis
545 990 670 1046 mortem
691 982 908 1062 adproperanit.
958 998 960 1006 ·

307 1199 386 1284 ON.
420 1199 666 1286 DOMITIVS
700 1201 939 1288 donnino

150 1347 248 1418 (Filius
261 1332 391 1404 Vistiliae
407 1325 501 1418 (uini
520 1365 552 1402 ac
570 1337 670 1418 postea
683 1349 819 1420 Pomponi
833 1353 916 1419 atque
931 1351 1021 1425 orfiti,
1036 1355 1090 1409 cla-

148 1419 328 1475 rissimorum
341 1419 445 1475 ciuium
465 1417 600 1490 coniugis’
621 1417 693 1476 Plio.
708 1440 734 1476 n.
745 1423 772 1476 h.
787 1418 839 1475 Vll
854 1423 898 1490 89)
918 1441 972 1481 cos.
993 1423 1090 1480 suffec-

148 1494 195 1547 tus
209 1507 235 1548 a.
251 1497 294 1547 39.
309 1497 369 1558 iai,
388 1494 519 1561 praeerat
536 1491 702 1547 Germaniae
721 1509 746 1549 a.
766 1498 808 1548 47.
828 1499 880 1549 800
896 1495 1090 1566 (principium

148 1563 203 1620 illa
218 1563 323 1622 militia
338 1563 403 1622 fuit'
428 1561 493 1622 Tae.
513 1579 575 1620 ann.
595 1562 633 1616 XI
653 1564 880 1633 tapetiumque
906 1566 1026 1625 Chaucis
1048 1567 1088 1626 in·

149 1635 223 1704 tulit,
243 1635 292 1690 sed
310 1638 458 1690 reuocatus
477 1636 523 1710 est
538 1633 648 1690 Claudii
665 1635 785 1705 inuidia,
804 1651 855 1706 pro
875 1639 988 1700 consule
1006 1639 1089 1696 Asiae

150 1707 224 1762 inter
244 1723 329 1762 aooos
349 1712 390 1761 50.
406 1710 537 1762 eoa-54.
554 1711 615 1775 807,
632 1707 745 1776 legatus
763 1706 792 1760 in
811 1708 943 1765 Armenia
962 1711 991 1764 et
1009 1711 1090 1779 Syria

148 1793 207 1832 rem
234 1779 377 1846 praeclare
400 1779 498 1832 eonba
517 1777 636 1832 Parthos
663 1778 788 1846 gessita
811 1781 853 1834 ot.
873 1783 1003 1836 007-07.
1028 1787 1088 1850 820,

214 1847 326 1904 Nerone
346 1851 460 1905 auctore
478 1863 507 1904 ee
525 1847 667 1903 interiecit
685 1847 834 1904 Cenchreis
852 1866 876 1905 a.
897 1856 939 1906 07.-
959 1854 1032 1921 820.)

321 1970 669 2029 COMMENTARIORVM
688 1969 918 2027 FRAGMENTA

204 2083 260 2153 l*.
285 2091 362 2156 Plio.
384 2107 414 2150 o.
435 2090 463 2148 b.
487 2087 604 2148 11180
646 2085 723 2147 Solis
752 2086 900 2148 deiectum
924 2086 1064 2167 Vipstano
1095 2097 1125 2151 et
1143 2104 1176 2154 oa

111 2176 234 2240 Fonteio
250 2192 357 2240 005-
370 2178 480 2238 Iactum
494 2175 590 2254 pridie
604 2175 744 2246 kalendas
763 2174 854 2236 Maias
873 2175 1030 2254 Campania
1053 2175 1188 2242 notaui

112 2265 171 2327 diei
199 2269 278 2328 inter
306 2268 462 2345 septimam
495 2272 525 2325 et
554 2273 689 2325 octauam
715 2267 821 2346 sensit,
850 2263 979 2326 Corbulo
1007 2265 1067 2327 dux
1094 2269 1125 2327 in

111 2354 249 2417 Armenia
272 2358 351 2419 inter
374 2355 483 2416 boram
505 2353 565 2416 diei
591 2353 737 2424 decimam
764 2360 794 2414 ot
817 2354 1003 2416 undecimam
1026 2355 1124 2434 prodi-

112 2444 164 2523 dit,
187 2447 286 2506 uisnm
310 2446 438 2505 circuitu
462 2442 542 2528 globi
566 2441 621 2503 alia
640 2443 705 2502 aliis
725 2442 881 2522 detegente
901 2451 931 2504 et
949 2443 1124 2505 occultante.

113 2526 169 2614 (cs.
191 2534 286 2595 Tacit.
304 2534 393 2594 XIII
409 2526 474 2616 41.)

202 2617 260 2683 2³¹³.
288 2622 382 2684 Tacit.
401 2641 471 2684 ono.
491 2623 556 2682 XV
572 2621 615 2681 16
656 2619 796 2682 Ceterum
823 2619 954 2682 obsessis
982 2618 1122 2682 Romanis
1141 2637 1174 2684 aa

112 2709 170 2787 [od
187 2714 301 2786 flumen
320 2712 484 2774 Arsaniam
507 2713 673 2772 Caeseoot'o
695 2711 789 2772 Paeto
812 2712 891 2772 duce
914 2728 933 2770 u
959 2706 1185 2785 Voloaoeseffi

111 2798 308 2877 Portbt'sque]
324 2799 397 2860 adeo
417 2799 655 2879 suppeditaoisse
670 2817 733 2859 rem
747 2799 972 2860 frumentariam
991 2800 1126 2882 constitit

111 2895 145 2948 ut
168 2887 284 2950 horreis
307 2889 407 2966 ignem
430 2889 588 2968 inicerent,
613 2896 776 2968 contraque
803 2886 969 2966 prodiderit
997 2884 1124 2947 Corbulo

110 2975 236 3038 Parthos
266 2978 369 3055 inopes
398 2979 551 3054 copiarum
578 2985 608 3038 et
634 2976 743 3056 pabulo
767 2978 868 3038 attrito
892 2976 1050 3038 relicturos
1074 2994 1124 3055 op-

109 3069 334 3147 pugnationem,
358 3083 454 3144 neque
479 3084 510 3126 50
533 3065 599 3146 plus
623 3065 716 3127 tridui
739 3067 846 3127 itinere
871 3065 988 3126 aluisse.
1034 3064 1125 3125 adicit
1139 3085 1165 3125 ao

1 3153 2 3162 ’
110 3155 176 3215 iure
199 3154 323 3215 iurando
347 3153 429 3215 Paeti
448 3162 568 3215 cautum
587 3154 664 3233 apud
685 3157 768 3235 signa
792 3155 955 3216 astantibus
978 3156 1030 3235 iis,
1049 3173 1123 3233 quos

110 3244 295 3305 testificando
323 3262 377 3305 rex
404 3244 548 3324 misisset,
581 3246 729 3304 neminem
758 3243 923 3304 Romanum
953 3244 1123 3305 Armeniam

109 3333 329 3413 ingressorum,
359 3330 452 3393 donec
476 3331 661 3394 referrentur
684 3332 800 3393 litterae
824 3332 964 3413 Neronis,
997 3352 1035 3394 an
1058 3334 1125 3412 paci

109 3429 262 3485 annueret.
295 3419 376 3492 Quae
390 3427 424 3484 ot
437 3420 588 3500 angendae
601 3421 739 3482 infamiae
758 3423 929 3503 composita,
948 3425 991 3482 sic
1009 3421 1124 3500 reliqua

108 3528 168 3571 noo
196 3513 227 3573 in
255 3509 383 3572 obscuro
415 3509 576 3589 habentur,
612 3528 671 3570 una
704 3510 751 3571 die
784 3510 977 3590 quadraginta
1010 3509 1163 3572 miliumn

1 3610 2 3644 l
109 3601 237 3678 spatium
266 3618 419 3662 emensum
448 3618 514 3663 esse
541 3598 665 3660 Paetum
702 3598 829 3660 desertis
862 3600 973 3677 passim
1005 3601 1123 3679 sauciis,
