2620 4054
200 213 266 281 350
481 214 637 272 vvnonu
664 213 929 273 secundianus

138 359 350 428 24121
377 365 468 428 θανά.
481 365 569 440 2ά,1
604 363 675 427 Fuit-
696 373 795 427 terrae
814 374 913 428 motus
937 381 972 426 eo
994 379 1104 446 nsque
1113 369 1211 446 graus

137 454 366 534 ⁹941mperaute
389 454 551 536 Gordiano,
582 463 616 516 ut
643 457 774 516 ciuitatis
797 457 886 518 etiam
913 463 1011 516 terrae
1037 453 1121 516 hiatu
1144 473 1211 520 cum

197 542 316 625 populis
346 544 532 626 deperirent,
564 543 604 604 ob
632 563 707 624 qnae
735 545 880 606 sacrificia
907 560 963 624 per
990 551 1083 606 totam
1105 543 1209 606 urbem

170 639 354 713 ,totumque
386 632 490 694 orbem
521 641 671 694 terrarum
703 636 834 714 ingentia
867 632 1015 695 celebrata
1047 642 1126 696 sont.
1174 632 1212 696 Et

198 721 314 783 Cordus
333 723 453 802 quidem
472 723 545 784 dicit
563 724 708 802 inspectis
726 722 811 784 libris
826 721 978 803 Sibyllinis
997 721 1237 804 celebratisques

198 811 350 892 omnibns,
380 829 455 892 quase
478 811 539 873 illio
561 814 642 873 iussa
665 812 859 895 uidebantur,
893 812 1075 874 mundanum
1103 811 1211 874 malum

198 918 264 961 esse
288 900 431 963 sedatum.

287 984 346 1051 22.
372 991 465 1053 θανά.
484 991 534 1066 31,
552 991 574 1050 5
610 991 733 1052 imatus
761 999 807 1053 est
831 989 1024 1070 [Gordianus
1050 989 1211 1069 tertius]a

196 1077 307 1158 populo
331 1085 361 1140 et
383 1089 488 1140 senatu
512 1086 543 1140 et
564 1078 710 1140 militibus
733 1087 801 1142 aute
824 1079 956 1162 Philippi
976 1079 1150 1162 factionem,
1171 1081 1212 1140 ita

158 1193 161 1201 ¹
197 1174 232 1228 ut
262 1185 351 1229 nemo
360 1170 564 1248 principum.
617 1167 748 1230 Cordus
765 1169 839 1231 dicit
874 1187 979 1231 omnes
1008 1168 1118 1231 milites
1145 1187 1212 1230 eum
1227 1183 1255 1224 10
1295 1161 1296 1210 l

195 1254 291 1318 lilium
314 1230 491 1339 appellasse,
519 1256 557 1318 ah
579 1259 663 1318 omui
684 1265 791 1320 senatu
817 1257 912 1320 filium
939 1258 1068 1340 dictum,
1094 1275 1213 1320 omnem

196 1345 340 1424 populum
363 1345 485 1408 delicies
509 1364 578 1407 suas
601 1345 784 1410 Gordianum
806 1348 927 1410 dixisse.

286 1429 344 1497 23.
370 1437 463 1497 θανά.
477 1435 566 1510 33,4
601 1433 686 1505 Quod
711 1436 747 1497 de
771 1435 947 1500 cesssare
971 1437 1131 1498 memorias
1153 1443 1212 1496 tra·

195 1523 292 1584 ditum
315 1531 370 1606 est,
393 1524 450 1586 hoo
469 1526 558 1585 etiam
578 1523 614 1584 de
633 1523 783 1588 Gordiano
802 1521 921 1606 [toruo]
938 1523 1055 1586 Cordus
1074 1526 1212 1586 euenisse

193 1611 364 1691 perscribit.
404 1631 473 1674 nam
491 1631 595 1674 omues
609 1616 782 1694 quicunque
794 1614 878 1682 illum
892 1613 989 1693 gladio
1003 1613 1216 1702 adpetiuerunt
1230 1630 1259 1671 ια

196 1696 263 1782 (qui
286 1718 395 1762 nouem
419 1702 512 1764 inisse
536 1695 694 1786 dicuntur)
720 1710 825 1782 postea
847 1705 1036 1783 interemptis
1057 1683 1214 1786 Philippis,

195 1806 248 1850 sua
272 1808 361 1852 manu
385 1794 508 1870 suisque
531 1790 636 1870 gladiis
660 1801 690 1852 et
712 1792 822 1874 isdem,
846 1791 956 1873 (pibus
984 1791 1067 1855 Mum
1090 1809 1214 1872 percus-

196 1887 307 1960 serant,
330 1881 519 1942 interemisse
543 1898 575 1940 se
599 1881 749 1942 dicuutur.

363 2077 650 2167 monulus
683 2080 1047 2169 unnnuumuvs

293 2227 492 2286 HISTORIAE
511 2227 570 2284 svl
588 2230 774 2286 TEMPORIS
793 2227 1052 2286 TESTIMONIVM
1068 2230 1117 2291 ET

568 2307 831 2366 FRAGMENTVM

161 2414 194 2482 1.
222 2421 317 2498 Capit.
344 2422 437 2483 Gord.
454 2421 545 2496 21,5
587 2421 664 2484 Sane
697 2422 775 2501 qnod
807 2420 1106 2500 praetermittendum
1143 2439 1214 2486 esse
1296 2445 1297 2506 p

193 2526 254 2570 non
278 2511 391 2586 censui,
414 2512 483 2590 quia
506 2511 642 2573 mirabile
664 2513 764 2572 nisum
787 2517 847 2589 est,
870 2507 981 2574 lectum
1002 2511 1081 2590 apud
1105 2509 1212 2574 Vulca-
1228 2537 1259 2577 so

192 2600 268 2660 tium
296 2597 523 2681 Terentianum,
560 2602 613 2678 qni
639 2607 671 2661 et
701 2601 766 2678 ipse
797 2597 953 2660 historiam
985 2601 1034 2661 sui
1064 2603 1212 2680 temporis

193 2688 323 2769 scripsit,
345 2691 378 2750 iu
396 2687 511 2750 litteras
529 2689 607 2768 misi,
625 2686 807 2753 Gordianum
827 2689 975 2752 seniorem
994 2690 1122 2770 Augusti
1143 2689 1212 2752 uul-

192 2784 256 2837 tum
280 2779 323 2838 sic
346 2785 600 2857 repraesentasse,
628 2783 662 2838 ut
685 2786 716 2837 et
738 2795 844 2840 uocem
871 2784 902 2839 et
925 2795 1040 2840 morem
1063 2786 1095 2840 et
1115 2784 1211 2840 statu-

191 2883 255 2926 ram
284 2865 417 2927 eiusdem
449 2873 601 2926 ostentare
632 2864 803 2948 uideretur,
834 2865 928 2928 fllium
960 2885 1035 2930 uero
1065 2867 1211 2946 Pompeio

192 2954 375 3016 simillimum
394 2955 503 3035 uisum,
523 2956 660 3034 quamuis
678 2953 838 3034 Pompeius
857 2955 941 3018 obesi
960 2958 1095 3037 corporis
1113 2955 1209 3017 luisse
1227 2978 1260 3019 ss

192 3043 371 3124 denegetur3
397 3050 536 3122 nepotem
564 3051 678 3126 antem,
711 3047 797 3106 cuius
826 3047 916 3107 etiam
948 3063 1028 3107 nunc
1060 3045 1208 3122 imagines

191 3133 339 3215 uidemus,
363 3131 512 3211 Scipionis
534 3132 656 3196 Asiatici
680 3133 786 3196 faciem
809 3133 970 3198 rettulisse.

591 3433 805 3446 mnu—n-
