2638 4056
400 221 501 278 ΤΕΒΤ.
521 226 599 276 1-4.
636 217 773 277 FRAGM.
792 223 870 276 1-6,
1077 217 1142 286 253

157 365 192 432 2.
217 369 395 434 Tertull.
410 373 449 434 de
462 389 512 434 on.
527 387 553 433 c.
568 369 616 432 46
638 367 795 432 Nouoruut
813 375 844 432 st
862 368 989 432 Romani
1006 371 1143 434 ueritatis

88 467 160 535 huius
178 459 288 520 modi
318 462 459 522 somnia.
482 459 710 521 reformatorem
728 459 855 541 imperii,
868 458 1029 539 puerulum
1047 458 1144 520 adbuc

89 567 115 623 et
130 549 246 632 priuati
270 547 364 612 loci
388 558 419 612 et
437 543 546 610 lulium
564 546 723 610 Octauium
741 554 857 610 tantum
876 555 906 610 et
925 547 983 610 sibi
1000 550 1144 628 ignotum,

90 646 195 712 Marcus
227 635 391 702 Tullius
418 640 477 700 iam
504 645 535 700 et
562 636 728 716 Augustum
760 643 791 699 et
823 636 957 698 ciuilium
989 637 1145 700 turbinum

92 730 233 801 cultorem
259 725 315 788 de
344 729 466 790 somnio
485 734 580 788 uorat.
603 727 635 788 in
650 727 729 788 uitae
744 724 824 788 illius
839 728 1059 788 commentariis
1076 736 1172 788 oon-⁶

94 826 180 889 ditum
204 821 275 876 est.
311 813 404 896 (uid.
424 818 506 879 Suet.
526 815 603 894 Ααρ.
619 815 663 876 94
695 813 858 876 bilicem
881 813 911 877 C.
936 813 1093 878 Gaesarem
1114 817 1147 876 in

95 899 284 987 capitolium
304 913 501 984 prosecutus
516 905 664 968 somnium
678 905 821 984 pristinae
836 905 934 966 noctis
953 903 1147 966 familiaribus

96 1002 167 1066 sorte
194 993 388 1058 narrabat:
415 1011 542 1075 puerum
571 993 646 1056 lucie
672 991 802 1074 liberali,
829 992 992 1056 demissum
1019 1011 1036 1054 e
1066 992 1147 1055 eaelo

98 1093 198 1154 eatena
229 1098 364 1165 aurea,
398 1084 434 1145 ad
462 1083 542 1146 iores
571 1082 697 1162 capitoli
720 1083 903 1162 constitisse,
931 1083 1019 1162 eique
1046 1081 1148 1144 louem

99 1165 252 1251 flagellum
288 1173 480 1254 tradidisse3
509 1172 616 1234 deinde
643 1178 767 1251 repente
791 1169 925 1250 Augusto
953 1173 1032 1252 uiso,
1060 1181 1190 1252 quem10

101 1263 239 1345 ignotum
260 1259 441 1362 ‘plerisque
465 1261 563 1324 adbuc
590 1260 758 1324 auunculus
783 1258 891 1322 Caesar
919 1260 954 1322 ad
982 1261 1149 1332 sacrifican-

104 1357 175 1418 dum
199 1348 386 1432 accinerat,
409 1351 600 1414 affirmauit
592 1368 690 1430 ipsum
714 1367 789 1430 esse,
813 1351 900 1411 cuius
923 1351 1020 1429 imago
1044 1367 1149 1411 secun-

106 1435 353 1605 (kupyqtgiptem
375 1439 432 1502 sibi
451 1439 610 1503 obuersata
634 1441 681 1530 sit.
710 1440 789 1500 Plut.
813 1440 874 1501 Oto
888 1439 943 1500 44.
966 1439 1046 1502 Cass.
1061 1439 1150 1502 Bion.

202 1621 269 1690 3²¹⁸.
302 1634 394 1698 Cass
409 1638 498 1698 Dion.
517 1635 723 1698 ΧΧΧΧΙΙΙΙ
732 1634 776 1696 35
798 1627 962 1698 Moubo‘
948 1657 965 1698 o
989 1628 1124 1715 δῆμος”
1106 1656 1151 1698 οτι
1169 1630 1205 1680 44

113 1724 270 1815 [Caesar]
290 1761 343 1774 -—
358 1732 557 1849 καταλέλοιπε,
580 1731 631 1794 nol
652 1730 770 1813 προσέτι
791 1730 843 1796 uoci
866 1726 984 1848 <lupide
1000 1727 1100 1805 αλλοις
1122 1719 1214 1794 clm

113 1847 200 1898 cocos
223 1823 279 1886 καὶ
304 1832 345 1914 τῇ
371 1824 455 1894 πόλει
477 1827 547 1906 τούς
568 1853 598 1896 τε
620 1827 736 1912 νήπονς
763 1824 832 1904 τοὺς
854 1824 935 1946 παρὰ
957 1825 1009 1893 τὸν
1034 1830 1152 1909 Τίβεριν

115 1922 171 1994 soal
195 1919 395 2004 dooexpdss‘
375 1951 417 2003 ως
440 1923 553 2008 μὲν’
515 1923 604 2004 aurbs·
627 1952 643 1993 o
659 1923 828 2001 Ὀκταούιος
845 1923 964 2009 γράφει,
986 1949 1153 2007 τριακοντα,

118 2020 163 2098 ὥς
187 2015 220 2080 il
244 2015 356 2102 ἕτεροι,
380 2024 467 2088 πέντε
488 2024 539 2089 noi
561 2021 765 2109 ἐβδομήκοντα
783 2019 894 2111 induro
918 2029 1004 2104 σφῶν
1020 2025 1154 2105 δοθῆναι

119 2114 310 2198 mil-ww,
337 2119 554 2205 ἐταράχθησαν.
578 2118 632 2207 (τω
658 2126 740 2188 Caes.
759 2126 873 2188 Zouur.
886 2125 923 2186 X
936 2124 1000 2206 12.)
1167 2133 1194 2174 ¹0

216 2225 280 2296 4²¹⁸.
307 2237 586 2303 Poeantius
605 2238 742 2302 Cometes
755 2241 787 2301 in
802 2257 862 2302 uno
880 2240 974 2300 totius
992 2237 1074 2299 orbis
1088 2237 1219 2313 loco—
1173 2233 1209 2284 44

125 2323 270 2391 colitur
262 2341 295 2386 tn
321 2329 435 2434 templo
457 2328 582 2434 Romae,
605 2327 765 2392 admodum
788 2330 903 2392 faustus
927 2328 997 2390 diuo
1021 2324 1219 2408 Augusto'tw

127 2413 283 2480 iudicatus
307 2415 379 2478 ab
371 2435 450 2501 ipso,
473 2421 526 2500 qui
548 2420 710 2500 incipiente
736 2437 773 2480 eo
805 2419 943 2498 apparuit
965 2417 1057 2499 ludis,
1081 2434 1157 2521 quos

129 2499 261 2568 iaciebat
289 2503 404 2570 Veneri
431 2508 582 2571 Genetrioi
610 2527 670 2570 non
698 2506 791 2572 multo
819 2515 889 2588 post
916 2506 979 2568 obit
966 2514 1031 2568 tum
1062 2525 1099 2585 pa
1100 2507 1156 2567 tris

132 2593 303 2656 Caesaris
295 2611 327 2656 ιιι
347 2597 473 2677 collegio
497 2595 534 2658 ab
558 2614 592 2658 eo
611 2599 758 2659 instituto.
782 2596 914 2676 Namque
933 2594 981 2656 bis
1000 2594 1133 2657 uerbis'
1125 2613 1157 2655 m
1172 2604 1198 2648 ιι

134 2677 278 2764 gaudium
303 2684 419 2762 prodit:
442 2681 498 2746 ‘lis
521 2687 596 2766 ipsis
619 2685 759 2748 ludorum
781 2703 917 2748 meorum
940 2683 1047 2745 diebus
1075 2683 1205 2744 sidus

135 2769 281 2833 crinitum
295 2789 351 2850 per
367 2780 482 2854 septem
496 2773 560 2836 dies
574 2775 605 2836 in
625 2775 747 2854 regione
767 2773 842 2836 caeli
861 2791 937 2854 quae
961 2772 1017 2835 sub
1041 2780 1158 2852 septen-

136 2856 290 2921 trionibus
314 2869 361 2922 est
384 2869 585 2944 conspectum.
623 2863 652 2925 id
682 2862 835 2925 oriebatur
862 2865 941 2924 circa
971 2861 1159 2924 undecimam

138 2949 245 3010 horam
273 2947 333 3011 dioi
361 2950 534 3033 clarumque
563 2961 592 3014 et
621 2951 759 3014 omnibus
792 2970 808 3012 e
842 2953 932 3013 terris
965 2953 1160 3030 conspicuum

141 3037 207 3099 init.
240 3054 275 3097 eo
295 3038 394 3100 sidere
412 3043 580 3120 significari
602 3041 709 3122 uolgus
731 3040 860 3104 credidit
879 3039 1013 3102 Caesaris
1033 3041 1160 3100 animam
1174 3050 1201 3091 ιο

142 3129 224 3188 inter
248 3125 373 3189 demum
395 3130 607 3192 immortalium
630 3133 752 3196 numina
773 3137 935 3210 receptam,
959 3147 1017 3209 quo
1041 3128 1161 3189 nomine

144 3215 179 3278 id
199 3215 316 3295 ἱιιιίριι
338 3217 499 3283 simulacro
521 3221 628 3299 capitis
652 3223 731 3301 eius,
755 3219 834 3300 prod
858 3237 926 3282 mox
950 3219 981 3280 iu
1003 3217 1068 3278 loro
1091 3233 1161 3278 con·
1245 3233 1248 3241 ’

147 3306 341 3387 sociauimus,
365 3307 512 3370 adiectum
534 3303 607 3372 est'.
632 3302 689 3391 (cf.
708 3309 789 3372 Suet.
815 3310 899 3374 Coos.
913 3303 979 3389 88.)

237 3413 271 3480 b.
295 3419 381 3482 Sem.
400 3425 444 3486 ccl
464 3423 555 3500 Vere.
575 3427 629 3486 ecl.
649 3423 679 3499 9,
696 3423 746 3483 47
781 3403 857 3486 Cum
879 3423 1031 3502 Augustus
1054 3419 1162 3484 Caesar
1172 3417 1225 3497 fl

150 3508 236 3570 ludos
258 3506 398 3570 funebres
421 3513 499 3590 patri
517 3511 692 3593 celebraret,
711 3511 759 3574 dis
781 3511 881 3578 medio
901 3510 989 3574 stelle
1011 3507 1225 3590 opiparuits'110

96 3629 100 3634 -
152 3596 201 3660 ille
218 3615 283 3660 eam
301 3613 366 3660 esse
385 3601 572 3664 confirmauit
590 3603 723 3681 parentis
743 3603 798 3666 sui.
809 3633 849 3646 -·
859 3632 902 3650 «-
918 3598 1047 3666 naeuus
1065 3599 1163 3664 Macer
