2670 4058
438 243 668 302 susumus
685 251 800 301 εει-ετ.
1088 242 1130 309 73

199 389 263 457 uu
289 397 387 460 Ρνὶεο.
402 398 474 458 XII
484 396 597 475 aas?
616 397 653 457 Η.
691 394 812 456 Cassius
834 394 939 456 limina
967 396 998 455 in
1016 393 1057 454 lll
1081 409 1156 454 an*
1190 449 1192 456 ,

110 484 240 582 nulium:
261 484 325 546 llos
348 484 442 551 libros
465 488 492 546 si
515 486 583 566 quis
605 485 749 545 nomratis
771 485 900 563 sapiens.

479 673 536 730 EX
560 673 689 730 niuno
712 673 766 728 Illl

204 781 264 850 31.
288 790 441 850 Priscian.
464 787 703 864 4111434711.
734 786 854 860 Cassius
873 783 978 848 ilmina
997 784 1134 848 annalem

112 894 202 938 snum
232 883 373 957 quartum
399 877 456 938 hoo
484 877 571 938 titulo
599 877 765 955 inscripsit:
797 875 936 939 Bellum
959 873 1135 938 Punicum

111 968 306 1044 posterior.
1140 997 1194 1050 21⁶

203 1055 263 1127 32.
288 1063 386 1125 Prisc.
408 1063 471 1125 VII
485 1083 515 1140 p.
530 1062 597 1124 294
611 1065 647 1126 Η.
672 1059 796 1125 ‘Eabus'
811 1064 901 1124 etiam
919 1081 974 1143 pro
994 1055 1061 1123 ‘eis'
1076 1063 1195 1137 diiii}

113 1150 259 1213 lorentiae
282 1170 371 1214 eausa
400 1155 431 1212 in
460 1152 602 1214 ieminlno
625 1151 731 1214 Emina
754 1151 881 1233 protulit
905 1152 936 1213 in
960 1150 1014 1212 llll
1042 1169 1130 1213 anna-

111 1239 201 1302 lium:
231 1239 336 1302 Soriba
358 1242 540 1324 pontificius,
565 1243 617 1322 qui
640 1257 708 1303 cum
733 1240 825 1302 esbus
849 1250 986 1320 stuprum
1011 1241 1130 1302 iecerat.

113 1329 189 1391 dicit
212 1332 293 1392 enim
316 1330 353 1390 de
375 1329 553 1393 Vestalibus.
577 1331 632 1408 (cs.
647 1331 715 1392 liu.
729 1331 834 1391 XXII
848 1331 902 1405 57,
916 1330 961 1404 2.)

204 1422 265 1491 33.
289 1429 364 1489 Non.
379 1447 401 1490 s.
416 1447 445 1490 u.
461 1432 591 1492 consede
602 1447 632 1505 p.
645 1429 689 1488 62
707 1428 827 1490 Cassius
840 1427 967 1490 Hemina
980 1427 1131 1490 annalium
1145 1450 1171 1490 ιο

112 1515 191 1577 libro
215 1515 283 1578 llll:
306 1515 399 1578 Nemo
421 1519 542 1579 uicinus
565 1517 704 1579 consede.

205 1616 263 1684 34.
288 1625 363 1686 Non.
384 1643 407 1685 s.
428 1642 457 1685 u.
480 1624 755 1702 utrosquep.183
790 1621 914 1683 Hemina
937 1623 1130 1685 historiarum

113 1707 164 1772 lib.
178 1708 233 1772 1111
238 1728 246 1773 t
260 1711 295 1773 ln
307 1711 450 1792 Hispania
463 1719 627 1792 pugnatum
642 1712 697 1794 bis,
707 1721 850 1792 utrasque
860 1715 955 1774 nostri
969 1711 1034 1774 loeo
1049 1715 1130 1773 moti.

204 1812 264 1881 35.
289 1820 363 1881 Non.
378 1838 401 1880 s.
415 1838 444 1880 u.
456 1822 529 1894 pinis
538 1840 570 1898 p.
585 1819 653 1880 205
667 1822 724 1894 (=
739 1821 913 1880 humaniter
922 1838 954 1896 p.
967 1819 1046 1893 514)
1061 1817 1129 1880 Cas·

114 1907 178 1967 sius
192 1905 318 1969 flemina
337 1907 530 1969 historiarum
549 1908 599 1970 lib.
614 1908 682 1969 llll:
700 1907 763 1979 Qua
782 1908 841 1968 fine
860 1909 956 1969 omnis
974 1926 1024 1969 res
1041 1915 1130 1987 atque
1145 1928 1171 1970 u

114 2013 219 2056 omnes
242 2005 322 2058 artes
345 1996 517 2059 humanitus
639 2016 697 2077 que
719 2003 858 2076 aguntur.

205 2098 265 2166 36.
291 2107 365 2166 Non.
379 2123 402 2166 s.
417 2123 447 2166 u.
462 2108 542 2166 lacte
553 2123 583 2180 p.
599 2103 665 2164 483
686 2101 811 2164 Hemina
831 2102 981 2164 annalium
999 2083 1048 2163 lib.
1063 2101 1130 2164 illl:

113 2192 159 2254 lix
181 2193 285 2255 Tiberi
307 2193 384 2254 laste
406 2193 536 2255 haurire.
1140 2225 1190 2275 181

205 2293 261 2363 37.
285 2302 363 2362 Plio.
378 2319 407 2362 a.
421 2303 449 2362 h.
462 2300 606 2361 Χ11184
625 2299 745 2362 Cassius
758 2297 892 2380 Hemina,
906 2293 1194 2364 uetustissimusdlb’

112 2397 219 2452 auotor
242 2388 405 2468 annalium,
428 2397 533 2470 quarto
556 2405 660 2449 eorum
684 2387 761 2450 libro
783 2386 929 2468 prodidit,
948 2386 1000 2449 Cn.
1018 2386 1131 2448 Teren:
1143 2410 1170 2450 so

112 2480 190 2539 tium
213 2473 343 2540 scribam
366 2495 471 2557 agrum
494 2494 581 2539 suum
604 2479 636 2537 in
655 2475 786 2538 laniculo
809 2479 1041 2556 repastinantem
1058 2475 1130 2539 edo·

112 2567 192 2628 disse
207 2583 316 2647 uuam,
329 2569 361 2626 in
376 2583 435 2646 qua
448 2566 554 2648 Numa,
567 2568 619 2646 qui
632 2563 742 2626 Romae
760 2568 906 2646 regnauit,
924 2568 1000 2628 situs
1015 2567 1130 2646 hnisset,

111 2658 144 2716 in
167 2656 272 2717 eadem
295 2655 389 2717 libros
411 2659 476 2718 eius
495 2662 632 2740 rupertus
650 2654 682 2715 P.
702 2653 839 2715 Cornelio
858 2654 891 2716 L.
910 2654 971 2716 lilio
990 2654 1129 2735 Cethego,

110 2743 150 2805 bl.
168 2744 279 2806 Baebio
298 2744 333 2816 Q.
351 2744 413 2806 dlio
432 2743 587 2824 Tamphilo
610 2759 680 2824 eos,
703 2743 739 2804 ad
763 2761 839 2823 quos
861 2761 879 2804 a
901 2759 994 2824 regnu
1016 2743 1129 2805 Numae

112 2833 295 2913 colliguntur
313 2833 383 2894 anni
397 2847 527 2896 nmv.
545 2833 601 2894 hos
620 2833 748 2894 fuisses
766 2829 878 2913 oborta
897 2834 1008 2894 maiore
1028 2835 1128 2893 etiam·
1143 2853 1172 2895 ss

112 2935 185 2984 num
208 2922 362 3000 musculo,
385 2921 464 3002 quod
488 2923 596 2983 infossi
618 2921 802 2982 durauerint.
835 2916 1018 3000 quapropter
1040 2923 1071 2982 in
1095 2939 1129 2982 re

110 3019 192 3072 unta
215 3013 312 3091 ipsius
333 3010 476 3074 Heminae
499 3010 593 3072 uerba
613 3029 736 3090 ponam:
764 3006 959 3071 ‘Mirabantur
981 3009 1034 3091 ali,
1056 3028 1128 3089 quo·

110 3099 199 3161 modo
222 3099 266 3161 illi
289 3099 359 3161 libri
382 3100 491 3162 durare
514 3109 645 3179 possent.
677 3098 786 3160 illeita
803 3101 949 3160 rationem
972 3098 1128 3160 reddebat:

107 3189 239 3268 lapidem
262 3186 356 3250 fuisse
379 3189 556 3269 quadratum
579 3190 749 3250 cheinnin
768 3188 866 3250 media
883 3195 953 3250 arca
976 3190 1129 3260 auinotum

111 3277 244 3340 candelis
262 3295 383 3358 quoquo
402 3295 518 3340 uersus.
548 3281 580 3339 in
598 3293 634 3339 eo
651 3277 750 3356 lapide
769 3279 893 3357 insuper
911 3276 1004 3340 libros
1022 3278 1129 3338 insitos
1143 3298 1173 3341 so

111 3367 216 3446 luisse,
229 3377 389 3446 propterea
403 3367 578 3429 arbitrarier
591 3385 651 3428 non
666 3366 867 3444 conputuisse.
891 3373 921 3427 et
934 3366 1027 3427 libros
1042 3369 1128 3428 sitra-

111 3466 159 3518 tos
178 3456 282 3537 inisse,
300 3464 460 3536 propterea
480 3456 663 3537 arbitrarier,
681 3457 777 3516 tineas
796 3473 856 3516 nou
874 3457 1017 3535 tetigisse.
1040 3456 1072 3516 in
1091 3457 1129 3516 iis

110 3544 198 3606 libris
221 3547 334 3624 scripta
357 3553 442 3606 erant
465 3543 668 3624 philosophiae
692 3539 926 3623 Pythagoricae'.
950 3577 995 3588 --
1017 3561 1128 3622 eosque

110 3633 286 3696 combustos
309 3653 325 3696 a
348 3633 383 3706 Q.
402 3634 508 3695 Petilio
531 3641 679 3714 praetore,
702 3634 771 3710 quia
795 3631 998 3711 philosophiae
1018 3634 1129 3710 scripta
1224 3645 1230 3656 ·
