2670 4058
476 249 736 309 FRAGMENTVM
754 254 797 310 45.
1081 255 1145 322 165

128 401 170 462 ite
189 419 308 463 mecum
327 410 357 463 et
376 410 458 463 orate
478 402 558 483 deos,
573 410 607 463 ut
625 405 685 464 mei
703 403 814 464 similes
833 405 986 484 principes
1004 404 1146 488 habeatis,
1175 405 1180 456 ἶ

128 491 184 570 ita,
208 493 234 552 si
261 491 298 556 ab
321 493 406 553 annis
430 491 643 572 septemdecim
666 492 703 552 ad
731 499 916 555 senectutem
944 512 1063 575 semper
1090 513 1146 558 uos

127 587 256 642 aetatem
287 598 385 642 meam
414 580 580 643 honoribus
612 583 720 643 vestris
753 584 901 664 anteistis,
938 601 992 664 ego
1027 592 1147 646 uestros

128 669 258 731 honores
276 670 368 732 rebus
386 670 526 750 gerendis
540 664 712 749 praecessi?
736 670 780 732 Ab
798 673 906 733 rostris
918 674 956 734 'in
970 672 1148 753 Capitolium

130 758 271 821 ascendit.
308 758 397 821 simul
420 777 452 821 se
479 761 622 821 uniuersa
645 760 745 821 contio
767 763 878 823 auertit
900 769 931 822 et
953 771 1055 824 secuta
1079 763 1141 824 Sci·
1167 775 1182 814 θ

129 851 250 928 pionem
272 856 331 930 est,
350 849 423 911 adeo
442 855 477 910 ut
494 856 646 929 postremo
666 848 780 911 scribae
799 853 990 930 uiatoresque
1009 851 1147 914 tribunos

129 937 348 1020 relinquerent,
375 957 432 1000 nee
460 957 530 1000 cum
555 941 593 999 iis
617 946 736 1017 praeter
759 939 899 1001 servilem
921 943 1094 1002 comitatum
1117 948 1148 1002 et

23 1065 26 1086 .
129 1045 322 1107 praeconem,
350 1031 402 1108 qui
424 1046 510 1088 reum
534 1047 570 1088 ex
600 1030 707 1089 rostris
731 1026 853 1110 citabat,
878 1031 1036 1110 quisquam
1059 1037 1148 1092 esset.

76 1112 87 1134 ⁸
132 1117 232 1196 Scipio
255 1134 315 1178 non
334 1119 365 1179 in
385 1115 530 1196 Capitolio
549 1117 647 1198 modo,
666 1117 718 1178 sed
738 1137 793 1197 per
811 1126 905 1180 totam
923 1117 1030 1180 urbem
1048 1121 1147 1181 omnia

131 1205 240 1286 templa
264 1206 354 1269 deum
373 1225 441 1269 cum
459 1206 569 1286 populo
588 1206 720 1267 Romano
740 1209 898 1269 circumiit.
925 1207 1103 1269 celebratior
1120 1209 1187 1268 ism

131 1313 226 1376 prope
249 1295 313 1357 dies
336 1296 439 1356 fauore
463 1296 615 1356 hominum
640 1303 671 1356 et
693 1299 897 1358 aestimatione
923 1316 1013 1359 uerae
1036 1299 1147 1376 magni-

131 1384 244 1447 tudinis
268 1387 333 1446 eius
356 1386 426 1466 fuit,
450 1402 538 1465 quam
562 1402 620 1464 quo
644 1385 831 1464 triumphans
855 1387 891 1447 de
916 1386 1050 1467 Syphace
1077 1404 1147 1467 rege

133 1483 163 1536 et
185 1473 479 1553 Carthaginiensibus
502 1473 610 1535 urbem
633 1480 680 1534 cst
701 1476 849 1536 innectus.

222 1583 262 1674 (c.
276 1583 343 1673 522)
367 1588 422 1651 Hic
442 1593 595 1669 speciosus
613 1591 737 1652 ultimus
756 1591 820 1653 dies
834 1589 866 1654 P.
882 1592 1014 1672 Scipioni
1032 1591 1147 1653 inluxit.
1166 1587 1180 1640 f

132 1687 201 1760 post
225 1698 314 1760 quern
338 1695 406 1741 cum
429 1679 572 1741 inuidiam
597 1688 627 1741 et
650 1683 813 1742 certamina
835 1699 904 1742 cum
928 1680 1058 1742 tribunis
1080 1697 1189 1761 pro-15

133 1771 272 1850 spiceret,
286 1768 335 1829 die
349 1769 482 1848 longiore
496 1769 632 1848 prodicta
646 1772 678 1830 in
691 1769 878 1831 Literninum
899 1773 1047 1832 concessit
1065 1777 1148 1831 certo

133 1857 271 1939 consilio,
299 1875 337 1919 ne
366 1857 403 1918 ad
431 1875 551 1920 causam
574 1857 730 1920 dicendam
758 1858 883 1920 adesset.
915 1861 1010 1920 maior
1033 1861 1149 1920 animus

134 1956 165 2009 ct
187 1956 293 2010 natura
317 1955 381 2008 erat
403 1965 437 2008 ac
460 1948 566 2008 maiori
589 1947 725 2009 fortunae
745 1947 896 2028 adsuetus,
920 1966 1008 2028 quam
1027 1956 1060 2009 ut
1079 1966 1150 2008 reus

134 2055 200 2099 esse
224 2044 295 2112 tunc
320 2038 411 2098 sciret
435 2047 464 2097 et
487 2036 664 2099 submittere
688 2055 720 2098 se
747 2038 778 2097 in
806 2036 1002 2098 humilitatem
1030 2055 1150 2102 causam

135 2126 306 2188 dicentium.
339 2125 392 2187 nbi
415 2125 478 2186 dies
502 2128 587 2188 uenit
609 2128 754 2205 citarique
773 2125 881 2187 absens
900 2133 946 2186 est
964 2133 1096 2206 coeptus,
1115 2124 1147 2186 L.
1166 2139 1186 2192 8

136 2215 237 2296 Scipio
260 2214 398 2276 morbum
421 2233 528 2276 causae
551 2233 618 2276 esse
642 2233 697 2277 cur
718 2214 837 2276 abesset
859 2214 1028 2277 excusabat.
1062 2233 1150 2295 quam

136 2305 357 2368 excusationem
380 2322 449 2366 cum
471 2303 594 2386 tribuni,
618 2305 670 2385 qui
693 2305 771 2365 diem
791 2305 935 2386 dixerant,
957 2322 1018 2364 non
1037 2306 1150 2384 accipe-

135 2402 204 2456 rent
227 2401 258 2454 et
280 2392 317 2454 ab
341 2393 444 2455 eadem
467 2391 607 2473 superbia
630 2411 690 2454 non
713 2395 818 2455 uenire
841 2393 877 2454 ad
907 2411 1026 2455 causam
1048 2393 1150 2454 dicen-

136 2483 202 2544 dam
226 2490 398 2563 arguerent,
426 2499 484 2562 qua
511 2482 656 2544 indicium
684 2490 714 2545 et
742 2482 878 2544 tribunos
900 2481 996 2562 plebis
1025 2489 1055 2544 et
1081 2501 1150 2544 con·

136 2575 248 2634 tionem
271 2571 450 2653 reliquisset,
469 2580 499 2633 et
518 2572 627 2652 quihus
645 2573 693 2633 ins
717 2574 882 2633 sententiae
901 2570 938 2633 de
957 2589 989 2632 se
1008 2571 1150 2632 dicendae
1165 2588 1192 2630 as

137 2667 168 2724 et
185 2661 352 2723 libertatem
372 2661 540 2742 ademisset,
554 2661 601 2722 his
620 2663 786 2741 comitatus,
801 2659 885 2723 uelut
899 2667 1001 2740 captos
1019 2660 1151 2741 trahens,

136 2747 321 2829 triumphum
346 2749 383 2810 dc
406 2749 515 2830 populo
538 2749 671 2811 Romano
690 2752 809 2831 egisset,
833 2751 1092 2829 secessionemque
1115 2767 1151 2809 eo

137 2839 185 2902 die
207 2841 240 2899 in
258 2838 438 2919 Capitolium
457 2858 473 2899 a
491 2837 621 2900 tribunis
640 2838 735 2919 plebis
760 2840 881 2900 lecisset
909 2833 1056 2920 (habetis
1079 2855 1151 2916 ergo

137 2929 315 2990 temeritatis
332 2927 413 2991 illius
431 2927 609 2989 mercedem.
646 2945 705 3007 quo
724 2928 800 2990 drrce
819 2936 850 2989 ct
867 2935 989 2989 auctore
1007 2945 1062 2987 nos
1083 2926 1151 2986 reli·

137 3018 254 3098 quistis,
273 3016 310 3078 ab
329 3035 364 3078 eo
383 3019 442 3096 ipsi
459 3017 558 3078 relicti
576 3019 658 3098 estis,
673 3025 703 3078 et
717 3026 833 3078 tantum
851 3018 1018 3078 animorum
1036 3017 1067 3078 in
1087 3015 1192 3076 dieses

137 3106 224 3168 nobis
247 3106 404 3186 decrescit,
423 3113 456 3168 ut
474 3105 510 3167 ad
530 3124 619 3186 quem
638 3115 706 3167 ante
725 3124 818 3167 annos
837 3105 1050 3185 septemdecim
1068 3123 1151 3166 exer-

138 3198 231 3259 citum
264 3203 294 3256 et
326 3195 451 3257 classem
481 3194 639 3257 habentem
672 3195 809 3256 tribunos
840 3193 936 3275 plebis
967 3193 1151 3274 aedilemque

137 3287 257 3346 mittere
285 3285 317 3345 in
340 3283 471 3345 Siciliam
499 3285 564 3346 ausi
591 3302 708 3365 sumus,
738 3287 791 3364 qui
816 3283 999 3363 prenderent
1025 3301 1094 3345 eum
1121 3291 1152 3344 et

138 3372 263 3436 Romam
286 3373 474 3456 reducerent,
498 3373 534 3434 ad
558 3392 627 3434 eum
649 3375 802 3453 priuatum
825 3391 860 3434 ex
884 3372 955 3433 uilla
978 3391 1031 3434 sua
1056 3380 1151 3434 extra-

138 3464 270 3525 hendum
302 3463 339 3524 ad
371 3475 490 3524 eausam
519 3462 673 3524 dicendam
706 3465 826 3523 mittere
851 3480 912 3522 non
944 3456 1152 3544 audeamns’);
1166 3479 1192 3521 ss

138 3551 372 3632 tribuniplebis
395 3551 533 3632 adpellati
555 3550 592 3613 ab
615 3550 647 3613 L.
667 3550 807 3631 Scipione
829 3553 871 3612 ita
894 3550 1103 3631 decreuerunt,
1126 3552 1153 3611 si

137 3641 237 3703 morbi
260 3659 348 3703 cansa
372 3648 579 3722 excusaretur,
607 3640 665 3702 sibi
686 3639 804 3721 placere
828 3641 922 3720 accipi
945 3657 1010 3701 eam
1034 3641 1151 3701 causam
