2640 4052
470 245 700 303 FRAGMENTA
719 245 811 306 ι-υ.
1130 253 1150 317 9

135 391 1153 482 τότεπαρόδοξονθανμύσαντοικαλτδλόγιονἀνανεούμενον,έπιχει-

137 489 1152 581 ρήσαιμένοίκήσαττόντόπον,ίδόνταδέκατάτόνύπνονόψινίναρ

135 587 1151 676 γῶςδιακωλύουσανκαλσυμβουλεύουσανμετάλ’έτηκτίζειν,όσοσ-

64 713 73 734 ·
135 713 192 773 περ
206 685 222 754 5
235 695 295 754 τῶν
306 689 471 771 τεχθέντων
484 685 614 772 ἀριθμός
626 681 676 772 ἦν,
690 686 855 773 ἀποστῆναι
863 688 902 774 δή
912 697 964 776 τῆς
972 694 1151 775 προθέσεως.

227 785 276 853 5⁸.
300 792 378 860 Plut.
393 790 516 852 Rom.3
537 792 597 852 Τοῦ
617 786 650 851 δέ
667 791 765 852 πίστιν
782 790 899 872 ἔχοντος
920 787 1010 873 λόγου
1029 787 1177 873 μύλιστασ

136 885 187 949 καί
208 888 361 962 πλείστους
382 883 533 969 μύρτυρας
558 881 594 949 τά
617 883 671 968 μέν
693 883 858 967 κυριύτατα
879 894 995 971 πρῶτος
1017 892 1059 967 είς
1080 887 1151 968 τούς

125 980 277 1066 Ἕλληνας
308 984 431 1060 ἐξέδωκε
457 991 587 1068 Διοκλῆς
614 983 828 1069 Πεπαρήθιος,
860 977 883 1074 ᾧ
910 987 961 1050 καί
989 983 1106 1071 Φύβιος
1133 985 1150 1053 5

135 1084 255 1165 Πίκτωρ
283 1082 317 1146 έν
344 1090 405 1159 τοῖς
431 1087 574 1161 πλείστοις
601 1081 835 1167 έπηκολούθηκε.
876 1081 1014 1168 γεγόνασι
1040 1082 1073 1149 δέ
1100 1087 1151 1150 καλ

135 1181 203 1264 περί
224 1177 338 1245 τούτων
360 1181 454 1265 ἕτεραι
477 1184 627 1267 διαφοραί.
664 1180 746 1269 τύπρο
770 1181 804 1246 δέ
821 1184 916 1246 εἰπεῖν
932 1180 1065 1260 τοιοῦτός
1083 1184 1149 1248 ἐστι.

138 1284 206 1343 Των
229 1275 280 1343 ἀπ’
293 1281 416 1346 Λίνείου
434 1277 600 1365 γεγονότων
618 1278 753 1364 ἐν”Αλβη
770 1277 917 1364 βασιλέων
935 1283 976 1358 είς
994 1277 1149 1364 ἀδελφούς
1163 1308 1190 1348 ιο

136 1371 204 1458 δύο,
227 1375 390 1462 Νομήτορα
412 1379 462 1443 καλ
481 1373 651 1461 Ἀμούλιον,
672 1374 693 1461 ἡ
717 1375 842 1462 διαδοχή
865 1384 1009 1462 καθῆκεν.
1042 1373 1149 1462 Ἀμου-

135 1478 200 1540 λίου
228 1475 261 1540 δέ
288 1479 443 1558 νείμαντος
464 1473 500 1540 τδι
522 1472 620 1541 πόντα
643 1479 726 1559 δίχα,
753 1483 789 1566 τή
813 1476 845 1541 δέ
868 1481 999 1565 βασιλείγ
1021 1475 1056 1542 τδι
1079 1476 1150 1561 χρή·

136 1598 213 1655 ματα
225 1575 279 1638 καλ
291 1571 343 1642 τόν
357 1575 389 1639 ἐκ
405 1578 512 1658 Τροίας
525 1571 706 1656 κομισθέντα
724 1572 835 1659 χρυσὸν
853 1573 1035 1656 ἀντιθέντες,
1059 1578 1148 1642 είλετο

134 1671 190 1753 τὴν
213 1676 365 1755 βασιλείαν
387 1670 404 1738 5
427 1670 585 1756 Νομήτωρ.
623 1674 699 1757 ἔχων
727 1665 783 1739 οὖν
806 1667 821 1738 5
843 1671 999 1757 Ἀμούλιος
1020 1671 1056 1739 τὰ
1079 1673 1150 1759 χρή-

135 1795 211 1852 ματα
234 1773 284 1834 καλ
306 1769 397 1837 πλέον
419 1765 472 1836 ἀπ’
489 1768 589 1836 αύτολν
612 1768 780 1854 δννόμενος
802 1777 854 1837 τού
877 1770 1068 1857 Νομήτορος,
1095 1770 1149 1856 τήν
1163 1795 1189 1838 τε

135 1893 164 1934 τε
187 1871 339 1953 βασιλείαν
361 1866 495 1952 ἀφείλετο
518 1872 628 1956 ῥαδίως
650 1870 700 1933 καλ
724 1868 913 1953 φοβούμενος
932 1872 964 1934 ἐκ
981 1877 1033 1954 τῆς
1051 1879 1149 1956 θυγα·

133 1963 202 2050 τρός
225 1964 317 2032 αύτού
346 1964 487 2052 γενέσθαι
513 1971 624 2045 παῖδας
646 1965 755 2048 ίέρειαν
777 1973 830 2051 τής
848 1964 964 2045 Ἑστίας
986 1966 1148 2050 ἀπέδειξεν,

134 2063 252 2150 ἀγαμον
273 2066 323 2130 καλ
341 2061 497 2150 παρθένον
515 2062 562 2130 ἀεί
579 2063 775 2149 βιωσομένην.
810 2063 920 2149 ταύτην
939 2070 971 2130 οἱ
985 2066 1040 2149 μὲν
1049 2064 1149 2147 Ἰλίαν,

135 2167 167 2228 οί
192 2163 225 2228 δὲ
243 2160 338 2246 Ῥέαν,
366 2168 398 2229 οί
423 2164 455 2228 δέ
473 2168 619 2229 Σιλουίαν
641 2159 830 2246 όνομύζουσι.
868 2169 1006 2248 Φωρᾶται
1030 2164 1063 2229 δέ
1085 2163 1146 2247 μετ’

135 2258 172 2327 ού
194 2259 291 2328 πολύν
313 2259 423 2347 χρόνον
444 2269 559 2327 κυοῦσα
582 2259 663 2343 παρόι
684 2259 736 2326 τόν
759 2268 929 2327 καθεστῶτα
946 2271 1010 2340 ταῖς
1018 2259 1149 2328 Ἑστιάσι
1162 2289 1190 2330 εο

134 2355 239 2443 νόμον.
275 2361 326 2424 καλ
352 2357 385 2426 τὸ
411 2360 466 2443 μέν
492 2355 638 2442 ἀνήκεστα
662 2356 701 2442 μή
724 2368 836 2425 παθεῖν
859 2358 954 2444 αὐτὴν
975 2358 996 2445 ἡ
1019 2368 1071 2427 τού
1094 2367 1149 2446 βα-

135 2455 405 2550 σιλέωςιθυγότηρ
426 2453 527 2524 Ἀνθδι
558 2456 745 2544 παρῃτήσατο
774 2461 915 2541 δεηθεῖσα
941 2466 995 2524 τοῦ
1021 2455 1148 2544 πατρός·

134 2558 239 2640 εἴρχθη
268 2557 301 2622 δέ
327 2559 378 2623 καλ
406 2561 521 2621 δίαιταν
552 2553 629 2640 εἶχεν
654 2555 854 2639 ἀνεπίμικτον,
882 2555 964 2634 ὅπως
991 2555 1030 2640 μή
1059 2553 1150 2624 λύθοι

133 2659 258 2720 τεκοῦσα
279 2652 331 2720 τὸν
347 2653 513 2740 Ἀμούλιον.
550 2656 625 2720 ἔτεκε
649 2655 682 2719 δέ
705 2652 761 2720 δύο
784 2657 894 2732 παῖδας
915 2652 1078 2740 ὑπερφυεῖς
1100 2681 1149 2738 με·

134 2747 220 2837 γέθει
246 2754 297 2817 καί
322 2749 431 2818 κύλλει.
472 2750 512 2818 δι’
538 2750 554 2818 5
578 2755 629 2818 καί
651 2759 761 2836 μᾶλλον
783 2749 800 2817 5
820 2749 975 2835 Ἀμούλιος
999 2755 1148 2838 φοβηθείς
1161 2775 1187 2819 τε

134 2848 286 2916 ἐκέλευσεν
308 2849 416 2929 αύτούς
438 2847 588 2935 ὑπηρέτην
611 2849 739 2934 λαβόντα
762 2853 860 2936 δύψαι.

225 2945 274 3015 bb.
297 2953 422 3031 Dionys·
442 2954 463 3016 Ι
481 2953 524 3013 79
537 2971 601 3029 sqq.
623 2950 699 3033 Περί
718 2947 751 3013 δὲ
768 2955 827 3013 τῶν
845 2950 878 3013 ἐκ
895 2955 947 3031 τῆς
961 2946 1050 3025 Ἰλίας
1067 2974 1149 3033 γενο-

134 3043 233 3128 μένων
246 3042 375 3124 Κόιντος
398 3045 452 3129 μέν
467 3045 582 3131 Φάβιος
605 3043 621 3113 5
643 3037 774 3130 Πίκτωρ
786 3043 952 3130 λεγόμενος,
976 3038 998 3136 ᾧ
1018 3041 1150 3123 Λεύκιός

133 3169 163 3209 τε
186 3148 310 3230 Κίγκιος
333 3146 383 3209 καλ
400 3141 512 3210 Κάτων
530 3141 663 3229 Πόρκιος
684 3144 734 3209 καλ
754 3146 858 3208 Πίσων
872 3140 1082 3227 Καλπούρνιος
1099 3144 1149 3206 καλ

133 3248 193 3307 τῶν
216 3241 314 3308 ἀλλων
336 3239 535 3328 συγγραφέων
558 3246 590 3309 οί
607 3245 727 3319 πλείους
748 3236 974 3325 ἠκολούθησαν,
1000 3239 1188 3326 γέγραφενεο

134 3337 175 3417 ὦς
196 3333 388 3419 ίιελεύσαντος
406 3339 545 3424 Ἀμολίου
568 3338 603 3406 τδι
626 3335 725 3426 βρέφη
748 3336 887 3423 λαβόντες
909 3341 943 3404 ἐν
966 3337 1068 3426 σκάφη
1091 3343 1148 3403 κεί·

134 3463 210 3521 μονα
232 3445 291 3504 τῶν
313 3435 469 3522 έπνηρετοῑν
490 3465 567 3516 τινες
588 3441 698 3523 ἔφερον
717 3439 913 3521 ἐμβαλοῦντες
932 3441 973 3515 είς
990 3435 1043 3503 τὸν
1059 3462 1150 3503 ποτα-

134 3533 193 3618 μόν
215 3530 364 3620 ἀπέχοντα
386 3543 438 3620 τῆς
455 3535 569 3614 πόλεως
587 3534 665 3620 ἀμφὶ
681 3533 751 3613 τούς
769 3533 874 3601 ἑκατόν
893 3538 985 3600 εἴκοσι
1003 3538 1148 3611 σταδίους.

139 3633 204 3698 ἐπεὶ
227 3635 260 3699 δέ
283 3632 369 3720 έγγδς
391 3631 528 3721 ἐγένοντο
550 3637 600 3701 καί
623 3632 705 3701 είδον
727 3636 782 3712 ἔξω
805 3641 858 3700 τοῦ
880 3636 1004 3720 γνησίου
1028 3636 1150 3719 ῥείθρου
