2640 4052
160 225 239 281 XXII
560 223 775 280 ADNOTATIO

160 369 261 424 rectius
281 366 369 436 Opilii
386 368 453 434 (uel,
471 372 503 422 ut
519 367 659 434 Dotlessen
676 367 782 434 scribit,
799 365 887 436 opto)
902 383 958 423 esse
975 367 1179 439 tridentinum

161 440 193 495 in
216 439 308 494 indice
332 438 398 494 libri
418 438 576 492 XXVIII
594 438 637 505 (in
656 438 726 492 libro
745 436 830 509 538)
848 440 949 494 cilonis
967 444 1012 494 est.
1030 440 1035 509 Ι
1052 444 1085 494 19
1102 438 1180 509 Quae

161 511 239 580 opurl
258 509 436 566 Macrobium
458 515 483 564 et
501 508 616 565 Feotmu
635 507 792 564 Poulumue
817 511 867 565 cub
893 509 979 580 Oppii
1001 511 1110 568 nonme
1132 527 1177 566 cc·

162 583 252 648 nont,
280 580 317 636 oi
337 581 483 636 Aurelium
507 579 631 650 Opilium
661 581 752 647 (euius
779 581 937 651 fecerunta
965 582 1076 638 collecte
1097 583 1180 638 bobes

163 653 240 724 aput
262 652 404 722 Eppmmn
426 667 503 707 serm
531 657 584 707 net.
611 652 687 720 reliq,
707 667 738 720 p.
757 656 797 709 27
814 656 882 722 cop.)
900 654 1054 722 pertinent,
1079 655 1187 710 rorice

164 724 304 779 doctrinae
317 724 458 779 lumbum.
474 753 508 763 -
524 723 746 778 Pseudo-Ascon.
759 740 788 792 p.
805 728 857 779 171
875 723 921 778 Or.
936 725 974 779 ort
990 723 1044 780 (lio.
1066 724 1141 779 Verr.
1158 725 1180 779 I

164 799 210 861 19,
225 799 261 850 50
278 809 335 850 non
353 799 393 852 est
410 794 594 864 frcpmontum
609 793 702 864 Oppii,
720 798 753 849 nt
765 793 839 850 Ilotb
855 811 885 864 p.
901 799 955 851 579
974 796 1073 862 uoluit,
1091 810 1177 851 sermo

160 867 258 935 potius
280 870 318 920 est
340 866 373 921 ‹le
398 866 432 921 P.
456 864 545 935 Oppio
567 870 707 935 quaestore
730 865 771 920 M.
791 866 903 921 Aurelii
927 865 1027 922 (loitoe.
1054 869 1058 933 Ι
1089 871 1123 920 28
1142 867 1177 933 cs.

166 936 321 1008 Qiullmi.
341 935 690 1006 Plus.p.1icso.uiil
711 937 716 1005 Ι
738 931 909 1006 bibituros
927 938 1013 1004 codri„
1037 952 1105 992 corr.
1127 937 1179 992 Oa·

163 1008 311 1064 combornis.
329 1008 333 1077 1
368 1014 383 1063 'i
404 1025 443 1063 on
460 1024 494 1063 eu
509 1008 598 1063 Dellii
615 1007 752 1064 niumm?
766 1009 776 1080 i
790 1007 846 1063 258
862 1012 866 1078 Ι
883 1014 900 1063 5
917 1008 947 1063 in
961 1007 1083 1064 Vitelliis
1103 1023 1179 1064 com-

162 1079 309 1134 mentariis
337 1080 394 1134 cool.
414 1079 511 1150 Apob,
535 1079 635 1135 emend.
660 1078 693 1133 G.
718 1079 830 1135 Vossius
852 1081 890 1135 orl
918 1079 1002 1135 Vellei
1020 1079 1064 1133 ΙΙ
1084 1083 1177 1149 59,1,

163 1167 246 1287 gram
265 1151 448 1277 cozioefflm
462 1150 497 1205 ab
509 1148 624 1275 z(leltleIro
638 1151 766 1291 0ιέιέαηῖ
777 1149 1178 1278 ἲεὲιιῃῗιὺιὸιῖιιῖὦειίἱινωαᾷὴονι

194 1237 553 1278 mer.oe.u.re.
636 1263 642 1277 .
729 1265 736 1278 .
923 1239 940 1277 o
1044 1239 1061 1276 a
1132 1239 1180 1278 um

164 1238 285 1361 obicione
298 1297 405 1347 secutus
418 1236 484 1347 leisc
497 1237 583 1348 mispha
601 1237 634 1347 ii
647 1294 892 1350 commentariorum
909 1293 1071 1363 fragmentis
1079 1294 1180 1362 posni;

165 1364 200 1428 cf.
218 1378 289 1418 mon.
308 1363 414 1436 Ancyr.
434 1364 498 1417 III
515 1368 576 1432 lp.
596 1368 634 1419 36
653 1365 792 1433 Momms,
816 1381 850 1419 ec
867 1379 919 1447 quo
937 1364 996 1419 ioco
1013 1379 1139 1420 numeros
1158 1381 1177 1419 a

166 1433 262 1489 Cossio
280 1434 407 1502 confusos
425 1450 480 1490 esce
498 1435 621 1504 adparet.
640 1437 649 1504 ΙΙ
670 1434 747 1506 2541
765 1441 778 1490 1
799 1434 971 1491 lemniscitis
988 1434 1064 1489 Lion
1081 1436 1179 1504 elidit,

167 1504 307 1560 lemniscis
321 1505 479 1562 Burmunn.
496 1508 500 1575 Ι
517 1512 532 1561 'l
552 1506 619 1562 noui
634 1506 716 1563 Ision.
736 1509 746 1577 Ιι
765 1505 892 1575 255134
909 1501 962 1577 τὴν
981 1500 1102 1577 ἡμέραν]
1126 1501 1180 1575 τὴν

166 1571 320 1646 ἐπιδημίαν
339 1577 409 1632 coni.
425 1577 626 1634 Mendelssolrn.
640 1579 650 1649 u
664 1577 720 1633 cis
737 1584 741 1646 Ι
758 1583 792 1632 10
806 1582 871 1646 post
893 1577 949 1631 τῶν
968 1571 1179 1647 ὑπομνημάτων

166 1647 293 1702 Mendels
307 1648 361 1703 olm
373 1648 429 1702 uir
440 1649 583 1720 Καίσαρος
596 1650 822 1720 interponendum
831 1664 885 1703 esse
899 1653 992 1704 censet.
1010 1650 1014 1717 Ι
1032 1654 1064 1702 19
1080 1650 1135 1720 lepe
1147 1649 1181 1703 in

163 1663 1180 1791 morotiilblA.SchmidtZtsclir.s.Gesobicbtsroiss.Ip.333inditorum

163 1789 213 1844 ltoe
223 1789 257 1844 ob
267 1788 394 1861 Aupuoto
407 1791 540 1846 imnum
550 1807 604 1848 esse
613 1795 701 1847 censet
709 1792 767 1846 coll.
778 1789 851 1847 Suet.
862 1792 934 1860 Aup.
946 1794 990 1845 64.
1004 1791 1091 1845 Dion.
1104 1789 1178 1846 Cass.
1211 1819 1213 1827 x

164 1859 265 1914 LVII
288 1866 341 1928 12;
369 1866 416 1918 23.
449 1862 514 1918 Tac.
538 1880 605 1919 nnn.
630 1861 724 1917 XIII
746 1863 789 1915 18.
817 1859 902 1930 usis
923 1862 926 1928 Ι
949 1866 981 1916 1s
1001 1865 1026 1915 et
1044 1860 1121 1929 2601
1146 1867 1179 1916 14

165 1929 277 1987 Krouse
303 1933 336 1988 de
358 1933 426 2000 sont.
446 1932 519 1990 Suet.
544 1951 572 2002 p.
592 1938 628 1990 34
646 1949 683 2002 sq.
707 1933 773 1987 boec
794 1932 831 1998 fr.
849 1933 898 1998 (17
916 1937 941 1987 et
958 1937 1011 2000 20)
1028 1948 1062 1987 eu
1079 1933 1179 2002 epistu-

164 2002 200 2057 lis
222 2008 332 2072 sumpto
358 2019 413 2059 esse
439 2005 508 2060 uult.
531 2008 589 2072 123
613 2004 726 2073 Frcpm.
750 2006 867 2061 22—24
889 2003 1036 2059 admodum
1064 2004 1180 2060 dubimn

166 2079 205 2129 est
221 2091 289 2129 num
308 2075 346 2130 orl
364 2077 570 2132 commentarios
591 2079 661 2130 recte
680 2074 769 2130 reluta
790 2074 853 2129 sint
868 2075 878 2143 b
892 2073 947 2129 261
965 2076 969 2143 Ι
985 2079 1002 2126 4
1021 2073 1106 2129 Nunc
1120 2075 1180 2143 ple-

165 2146 243 2214 rique
261 2146 320 2200 uiri
338 2146 412 2202 docti
429 2149 463 2203 ele
477 2146 654 2201 ¹Maecenatis
676 2145 791 2199 luterio
815 2145 959 2211 dubitent,
982 2159 1066 2214 neque
1089 2150 1181 2201 tomen

165 2215 260 2285 uideo,
288 2233 338 2272 cnr
366 2223 398 2273 ut
419 2219 576 2290 Aprippom
601 2217 643 2272 iio
670 2216 751 2270 etiem
770 2215 955 2270 Maecenatem
980 2215 1013 2270 oe
1037 2217 1099 2270 uito
1127 2232 1181 2273 suc

167 2288 309 2357 scripsisse
326 2305 426 2361 nepem.
454 2319 485 2328 —
512 2288 588 2358 Quae
607 2287 683 2355 upnrl
700 2287 893 2355 prommoticos
912 2287 1084 2341 Maecenatis
1102 2286 1179 2360 frop·

165 2363 257 2414 menta
275 2365 396 2426 sustani,
421 2360 514 2414 omnia
532 2374 566 2412 ec
584 2356 765 2424 carminibus,
789 2373 859 2426 quoe
881 2358 941 2411 solo
958 2361 1073 2412 cunum
1108 2375 1179 2414 non-

165 2431 229 2485 clom
252 2432 347 2486 tulisse
368 2432 509 2496 uidenim,
534 2429 667 2500 oripinem
684 2428 796 2483 munt.
817 2430 826 2498 i
844 2426 901 2482 262
922 2428 963 2499 17
993 2428 1055 2485 Vll.
1122 2431 1179 2486 eclo-

166 2502 245 2558 eiscn.
269 2503 364 2558 onnol
390 2499 497 2557 CXIX
517 2515 548 2569 p.
567 2502 622 2554 420
640 2514 694 2568 sqq.
718 2499 727 2566 11
750 2497 807 2553 iss
827 2500 832 2568 Ι
853 2503 886 2554 27
906 2516 946 2568 sq.
979 2499 1023 2554 De
1045 2501 1094 2556 boc
1122 2503 1180 2558 loco

166 2574 247 2628 multi
264 2575 352 2630 multo
367 2572 514 2642 protulere,
533 2569 608 2623 uelut
628 2568 779 2624 Iborbecloe
796 2571 829 2625 do
842 2569 922 2626 Asin.
937 2570 1007 2626 Poll.
1017 2587 1048 2642 p.
1065 2577 1118 2628 110
1130 2589 1181 2643 sp,

168 2644 281 2700 Kroner
304 2644 395 2714 praes.
426 2641 499 2697 Ooes.
530 2640 654 2695 Touobn.
677 2655 708 2708 p.
735 2639 799 2694 XX
821 2657 873 2712 sp,
900 2641 1061 2730 Nipperglep
1088 2659 1178 2714 opusc.

164 2732 194 2786 p.
216 2720 271 2772 589
289 2716 351 2785 (qni
373 2713 441 2768 delet
464 2727 525 2766 cum
549 2710 711 2767 omnimo
734 2709 775 2774 sic
796 2709 881 2767 τοῦτο’
904 2732 938 2784 με
962 2711 1090 2805 sinapeos
1108 2710 1179 2785 iren-

141 2813 143 2820 ⁴
166 2782 298 2856 polioeno,
317 2801 378 2840 cum
396 2781 540 2849 sincerem
559 2782 616 2849 ἵνα,
634 2787 693 2837 tum
710 2784 807 2839 scribit
822 2779 977 2854 Ἑλληνιστὶ
996 2787 1014 2840 ἃ
1040 2781 1091 2840 bn’
1109 2781 1180 2857 ἐμοῦ

166 2855 215 2928 pir
235 2861 348 2923 untur),
377 2853 497 2908 Thoursl
519 2851 613 2922 Lerpt.
638 2852 717 2910 Sinti.
741 2855 764 2908 I
779 2871 810 2924 p.
830 2859 886 2911 338
903 2872 958 2926 sqq.
982 2873 1072 2912 omncs
1090 2861 1181 2913 aulem

167 2879 346 2997 difficultates
363 2928 440 2991 (nom
458 2924 566 2979 Latino
578 2925 710 2980 Asinium
727 2941 808 2981 usmn
826 2942 879 2982 csse
896 2928 929 2982 in
946 2928 1064 2983 bistonio
1082 2929 1180 2998 linpuo

167 3002 285 3066 constat)
302 3001 418 3052 remotae
436 3000 525 3063 mimi,
543 2996 569 3050 si
586 2996 728 3065 scripseris
742 2991 897 3068 Ἑλληνιστὶ
920 2996 972 3069 μὲν
996 2994 1180 3069 ἀναφθέγξα-

167 3074 238 3125 osec
257 3063 307 3123 τὸν
326 3068 458 3137 Καίσαρα
477 3097 521 3135 ·-,
535 3061 684 3137 ‘Piscatori
703 3061 731 3122 δ’
751 3063 803 3123 irc'
823 3064 912 3124 circis
935 3065 1109 3140 γεγράφθαι.
1142 3071 1178 3134 cf.

168 3142 242 3197 Suet.
264 3137 338 3193 Caes.
354 3141 393 3194 82
408 3138 465 3193 Καὶ
483 3133 517 3193 ci
536 3135 644 3196 cinnor.
684 3139 807 3195 Messall.
828 3140 908 3197 Corn.
927 3142 964 3209 fr.
984 3146 1009 3195 1.
1028 3139 1107 3209 usos
1122 3141 1128 3208 Ι
1144 3145 1179 3195 20

166 3212 228 3267 Hoc
242 3226 276 3266 erc
289 3210 387 3264 Asinii
404 3210 526 3265 historiis
539 3216 677 3281 sumptum
695 3226 749 3266 esse
766 3212 831 3268 inde
844 3213 994 3282 collipitur,¹
1008 3211 1081 3280 quoi
1094 3211 1181 3266 curbo

166 3287 233 3338 sumt
252 3279 385 3336 Cremutii
405 3280 489 3337 Oorrli
511 3282 544 3337 de
565 3282 649 3338 editis
672 3283 823 3338 mmollbus
846 3283 960 3339 dicentib
982 3286 1007 3336 et
1024 3281 1071 3336 sui
1088 3282 1179 3349 deferr·

167 3353 251 3409 olenii
269 3367 356 3407 conso
375 3353 498 3421 primum
519 3358 629 3422 praeter
650 3355 783 3409 Asinium
807 3354 901 3409 Titium
922 3352 1039 3407 cinni
1061 3357 1087 3408 et
1106 3353 1180 3409 Mes·

166 3425 265 3480 sallom
290 3422 442 3480 Gornimun
465 3425 622 3492 miserentis.
646 3425 705 3492 125
730 3424 763 3480 Si
785 3426 835 3480 boe
856 3425 892 3493 fr.
918 3439 952 3478 ec
974 3423 1113 3480 historicis
1135 3441 1180 3481 cc·

167 3500 287 3565 cerptum
308 3500 359 3563 est,
382 3496 420 3551 od
440 3496 594 3565 Tiberium,
613 3513 682 3566 quoe
699 3496 816 3568 molpctc
833 3500 872 3551 est
889 3493 997 3564 opinio,
1019 3494 1097 3551 ouius
1118 3513 1180 3566 per·

167 3567 254 3622 tinere
273 3582 329 3622 non
345 3571 446 3638 potest,
464 3585 530 3624 nom
548 3585 573 3624 o.
594 3573 619 3624 7.
640 3572 695 3624 760
720 3568 866 3622 remissus
883 3570 928 3620 ost.
964 3565 1050 3632 (Suet.
1070 3567 1128 3625 Ito.
1143 3571 1182 3623 16

165 3637 305 3696 Nuntiate
335 3638 443 3709 Illyrici
475 3639 632 3696 defectione
665 3637 779 3694 trannii
810 3638 847 3692 ud
879 3653 974 3692 curum
1006 3639 1074 3695 noui
1110 3636 1180 3694 belli
