2614 4056
89 217 293 283 SVETOMIVS
309 225 438 283 opher.
461 225 499 282 M.
514 225 766 312 setvtbtnrtvs.
786 225 918 283 stetis
939 226 1017 283 OMM
1036 226 1103 293 363

281 431 564 521 steteritis
596 431 920 520 bernuidis

334 567 344 593 ·
467 581 726 638 resmuomvn

54 691 86 759 l.
119 693 187 773 ch.
207 695 275 758 Tac.
288 696 335 771 11,
353 697 374 755 7
397 695 488 757 Multa
501 696 591 758 huius
606 693 737 773 [Taciti]
752 696 900 778 teruntur,
914 697 967 758 sed
980 697 1102 778 longum

88 791 135 845 est
157 803 191 845 ea
214 787 246 844 in
268 783 382 846 litteras
405 787 533 862 mittere,
552 785 631 864 quod
652 787 678 846 si
697 787 764 864 quis
788 786 886 847 omnia
905 786 942 847 de
959 785 1017 847 buc
1036 788 1102 847 uiro

88 875 171 953 cupit
198 876 289 956 scire,
312 872 391 954 legat
414 875 591 936 Suetonium
612 873 818 956 Optatianum,
843 876 895 955 qui
920 876 987 936 eius
1011 877 1103 936 uitam

88 961 207 1024 adfatim
232 965 360 1043 scripsit.

379 1216 432 1302 M.
466 1214 811 1303 SALVIDIMNVS

465 1363 726 1420 succursurum

177 1472 209 1539 1.
227 1478 428 1555 VopSaturn.
435 1479 480 1539 10
489 1477 526 1539 Et
537 1497 606 1539 cum
616 1497 684 1539 eum
695 1474 924 1558 [Senonicum]
936 1479 1183 1554 animarent—
1120 1473 1172 1522 2⁷⁹

85 1566 135 1628 uel
153 1567 190 1628 ad
203 1569 296 1628 uitam
311 1565 360 1628 uel
374 1567 432 1628 ad
424 1569 596 1648 imperium,
611 1569 663 1647 qui
675 1570 865 1630 amicuerunt
877 1583 1052 1647 purpuram,
1070 1567 1102 1626 in
1111 1545 1183 1612 tot—t

85 1655 159 1717 haee
183 1655 276 1718 uerba
299 1656 455 1720 disseruit:
484 1653 642 1738 Nescitis,
665 1659 766 1739 amici,
789 1656 862 1737 qend
884 1656 955 1718 meli
980 1657 1022 1718 sit
1047 1657 1102 1717 im·

84 1762 199 1823 perere.
232 1745 322 1823 gladii
344 1754 407 1807 seta
430 1747 594 1826 pendentes
616 1745 787 1807 ceruicibus
810 1748 979 1828 imminent,
1002 1744 1103 1807 hastae

86 1832 232 1914 undique,
265 1834 397 1912 undique
429 1834 550 1913 spicula.
593 1837 652 1914 ipsi
684 1835 825 1896 custodes
854 1837 1013 1917 timentur,
1044 1835 1103 1914 ipsi

86 1923 211 1982 comites
238 1921 444 1983 formidantur.
481 1941 541 1983 nen
570 1921 656 1984 cibus
683 1941 738 2002 pro
767 1922 934 2005 uoluptate,
957 1941 1017 2007 non
1045 1926 1102 1984 iter
1117 1943 1143 1982 ro

85 2029 141 2090 pro
160 2012 346 2090 auctoritate,
361 2029 422 2073 non
438 2010 516 2072 bella
529 2027 586 2090 pro
605 2011 726 2091 iudicio,
744 2030 804 2072 non
821 2029 904 2072 armo
923 2029 978 2090 pro
993 2010 1101 2073 studio.

86 2099 162 2160 adde
189 2099 271 2180 qnod
299 2101 396 2160 omnis
423 2107 504 2161 aetas
531 2102 564 2160 in
590 2101 716 2180 imperio
743 2100 987 2178 reprehenditur:
1011 2117 1103 2160 senex
1145 2143 1156 2168 ,

86 2195 135 2250 est
157 2185 326 2269 quispiam?
348 2188 488 2249 inhabilis
511 2189 646 2271 uidetnr;
669 2185 865 2250 adulescens?
893 2200 940 2250 est
962 2189 1102 2250 lerneus.

86 2280 145 2339 iam
173 2277 245 2358 qnid
268 2277 425 2340 amabilem
448 2277 587 2340 omnibus
609 2277 740 2340 Probum
764 2275 853 2339 dieo?
885 2279 935 2339 cui
958 2295 1027 2338 cum
1053 2294 1102 2339 me

85 2367 235 2428 aemulum
259 2385 325 2428 esse
348 2369 470 2448 cupitis,
499 2369 549 2428 cui
571 2365 667 2428 libens
691 2367 765 2428 cedo
788 2375 819 2428 et
840 2369 929 2428 cuius
952 2367 1012 2428 dux
1035 2384 1101 2427 esse
1117 2383 1142 2424 rs

85 2457 188 2537 cupio,
210 2457 243 2516 in
263 2459 472 2518 necessitatem
495 2458 600 2518 mortis
622 2475 670 2519 me
694 2456 820 2518 trahitis.
849 2455 944 2517 habeo
964 2455 1103 2517 solatium

85 2547 204 2606 mortis:
219 2544 301 2606 solus
315 2547 414 2623 perire
429 2564 490 2606 non
503 2540 634 2624 potero'.
657 2543 694 2605 M.
710 2544 900 2606 Saluidienus
914 2543 990 2605 hanc
1005 2546 1101 2623 ipsius

85 2634 251 2694 orationem
273 2651 345 2694 uere
369 2634 460 2694 luisse
484 2633 565 2695 dicit
602 2643 633 2695 et
659 2633 716 2695 luit
743 2651 776 2694 re
804 2651 879 2694 uere
907 2650 968 2693 non
996 2650 1102 2711 parum

85 2721 243 2784 litteratus.
273 2739 342 2782 nam
365 2733 396 2784 et
417 2724 449 2783 in
467 2723 566 2784 Africa
589 2722 756 2784 rhetoricae
779 2739 901 2802 operam
924 2721 1048 2783 dederat
1070 2729 1101 2782 et

86 2810 197 2872 Romae
219 2811 463 2890 frequentauernt
485 2801 624 2891 pergulas
646 2810 840 2891 magistrales.
1114 2828 1141 2868 ιο

299 3072 489 3160 FABIVS
523 3069 882 3160 decimitiis

283 3221 542 3278 resumomvn
572 3221 620 3276 sn
646 3219 907 3276 renensium

179 3330 211 3398 l.
242 3337 311 3414 ch.
330 3337 399 3398 Cor.
414 3337 445 3412 d,
459 3305 576 3397 3⁸Sed
600 3331 711 3397 Fabius
734 3332 930 3416 Ceryllianus,
954 3335 1007 3415 qui
1029 3341 1102 3395 tem-

87 3443 160 3507 pora
181 3424 258 3506 Cari,
275 3425 376 3486 Carini
400 3435 430 3486 et
446 3424 621 3487 Numeriani
639 3423 831 3486 solertissime
850 3432 1028 3504 persecutus
1046 3429 1102 3504 est,

88 3511 232 3594 [Uarum]
253 3531 350 3594 neque
368 3513 478 3576 Romae
497 3513 600 3575 sedin
618 3513 735 3594 illyrico
754 3514 896 3594 genitum,
915 3529 1013 3593 neque
1027 3510 1102 3574 Pan·

88 3605 187 3666 nouiis
208 3604 261 3666 sed
284 3601 392 3665 Poenis
414 3603 590 3684 parentibus
613 3603 725 3665 adserit
746 3609 857 3663 natum.
