2648 4058
277 250 412 309 FRAGM.
431 258 510 307 4-6.
547 251 581 308 A.
600 249 774 306 POSTVMIl
811 249 910 306 Tusn
932 257 1009 306 1-2.
1110 247 1151 314 37

135 402 171 463 ad
201 401 259 463 hoc
290 403 439 463 neminem
470 400 635 480 elegantius
665 399 729 462 loca
757 403 887 482 cepisse,
919 399 1067 481 praesidia
1094 399 1153 461 (lis-

134 493 287 572 posuisse3
301 497 396 552 artem
410 493 499 551 etiam
514 489 692 552 conciliandi
706 488 765 552 sibi
778 489 914 551 homines
928 507 993 551 eam
1002 488 1153 570 habuisse,

134 588 170 640 ut
192 578 312 641 ltalicae
334 586 440 659 gentes
462 580 542 658 regis
565 581 683 641 externi
706 597 794 659 quam
817 578 920 659 populi
942 579 1074 660 Romani,
1093 587 1154 640 tam

135 669 188 730 diu
205 670 352 749 principis
370 670 402 730 in
416 687 451 730 ea
464 675 553 747 terra,
568 670 727 747 imperium
742 686 808 730 esse
823 668 951 730 mallent
984 668 1153 748 exequenti,

136 775 226 838 quem
249 761 373 820 tertium
400 757 538 837 duceret,
565 756 645 819 haud
672 756 762 820 dubie
793 765 888 820 semet
910 759 1009 838 ipsum
1032 758 1179 818 dixisses

135 854 201 908 tum
228 849 323 908 risum
352 845 491 908 obortum
519 845 665 926 Scipioni,
696 854 727 907 et
754 846 918 908 subiecisse
942 843 1096 926 ‘quidnam
1118 854 1153 907 tu

135 934 267 1015 diceres,
296 937 323 997 si
348 954 396 997 me
425 930 590 997 uicissesl'
619 931 695 997 ‘tum
719 953 792 996 uero
815 931 875 996 me’
898 937 998 1016 inquit
1019 931 1062 998 ‘et
1085 942 1153 996 ante

135 1024 337 1086 Alexandrum
360 1034 391 1087 et
414 1031 482 1086 ante
500 1024 649 1105 Pyrrhum
675 1032 705 1085 et
723 1032 792 1085 ante
811 1024 883 1085 alios
906 1027 1004 1086 omnis
1027 1026 1153 1105 impera-

135 1122 218 1175 tores
241 1109 328 1174 esse'.
371 1122 400 1176 et
423 1112 599 1194 perplexum
622 1113 736 1174 Punico
764 1121 831 1175 astu
854 1130 1032 1193 responsum
1055 1121 1086 1174 et
1108 1115 1152 1173 in·

134 1205 292 1282 prouisum
315 1203 528 1265 adsentationis
551 1220 646 1281 genus
671 1203 841 1283 Scipionem
863 1205 1007 1283 mouisse,
1031 1201 1112 1281 quod
1135 1213 1189 1262 e1o

135 1310 225 1372 grege
250 1311 281 1353 se
305 1293 519 1371 imperatorum
542 1290 626 1353 uelut
649 1291 896 1353 inaestimabilem
920 1293 1107 1353 secreuisset.

162 1471 166 1478 ἢ
226 1385 260 1453 6.
285 1392 409 1470 Dionys
425 1392 483 1452 III
494 1391 540 1451 67
564 1384 674 1470 Ἥρων
692 1375 748 1452 οὖν
762 1388 794 1451 ἐν
807 1388 882 1469 τρισί
900 1395 961 1465 τοῖς
979 1394 1153 1473 μεγαλοπρε-

134 1483 289 1564 πεστάτοις
306 1483 563 1570 κατασκευάσμασι
579 1492 631 1568 τῆς
650 1482 779 1568 Ῥώμης,
799 1486 830 1562 ἐξ
849 1477 893 1549 ὧν
911 1482 1082 1568 μάλιστατὸ
1100 1491 1153 1568 τῆς

134 1581 294 1668 ἡγεμονίας
322 1585 502 1665 [Tarquinii
527 1585 645 1664 Prisci]
674 1584 846 1666 ἐμφαίνεται
874 1583 1013 1667 μέγεθος,
1044 1579 1097 1659 τάς
1122 1605 1153 1644 τε

135 1688 195 1747 τῶν
217 1679 336 1747 ὑδάτων
357 1679 476 1767 ἀγωγὰς
494 1686 613 1766 τίθεμαι
629 1683 680 1746 καὶ
698 1678 749 1759 τὰς
766 1687 826 1746 τῶν
845 1676 926 1747 ὁδῶν
948 1677 1084 1760 στρώσεις
1102 1678 1153 1745 καὶ
1166 1701 1192 1744 ισ

134 1775 188 1856 τὰς
210 1787 270 1844 τῶν
291 1776 455 1862 ὑπονόμων
477 1780 628 1864 ἐργασίας,
652 1777 689 1845 οὗ
712 1776 806 1862 μόνον
829 1780 871 1854 είς
888 1775 921 1843 τὸ
939 1775 1082 1861 χρήσιμον
1100 1785 1153 1860 τῆς

135 1884 318 1960 κατασκευῆς
336 1875 391 1958 τὴν
408 1875 546 1944 διάνοιαν
560 1875 731 1960 ἀναφέρων,
749 1869 826 1959 ὑπὲρ
841 1868 877 1941 οὗ
891 1874 964 1941 κατὰ
978 1874 1030 1940 τὸν
1043 1879 1153 1942 οἰκεῖον

135 1970 240 2058 καιρὸν
264 1976 337 2059 ἐρῶ,
359 1972 433 2040 ιἰλλὰ
456 1977 506 2039 καί
525 1979 566 2052 είς
584 1971 638 2057 τὴν
656 1980 715 2038 τῶν
733 1970 936 2056 ἀναλωμάτων
954 1977 1153 2052 πολυτέλειαν,

136 2069 176 2153 ιἣν
194 2073 224 2148 ἐξ
243 2069 310 2149 ἑνὸς
328 2073 416 2157 ἔργον
434 2069 599 2156 τεκμήραιτ’
620 2071 660 2136 tv
682 2098 739 2151 τις,
757 2069 852 2136 Γοίιον
867 2068 1011 2137 Ἀκίλλιον
1029 2066 1153 2152 ποιησαί-

137 2194 224 2252 μενος
246 2177 299 2236 τοῦ
323 2170 477 2253 μέλλοντος
504 2171 642 2255 λέγεσθαι
666 2166 848 2254 βεβαιωτήν,
875 2165 910 2246 ὅς
932 2189 1025 2251 φησιν
1048 2165 1215 2252 aipein-184

136 2274 325 2335 θεισῶνττοτε
339 2275 398 2334 τῶν
412 2266 536 2352 τάφρων
550 2270 599 2332 καί
614 2268 715 2351 μηκέτι
729 2266 947 2351 διαρρεομένων
955 2263 1024 2342 τούς
1033 2260 1152 2348 τιμητὰς
1161 2256 1215 2326 s'a‘o

137 2363 191 2446 τὴν
213 2363 422 2448 ἀνακάθαρσιν
445 2363 544 2430 αὐτῶν
566 2366 616 2431 καί
632 2362 688 2448 τὴν
707 2361 866 2446 ἐπισκευὴν
886 2367 986 2448 χιλίων
1004 2370 1153 2447 μισθῶσαι

137 2453 294 2528 ταλάντων.

342 2655 389 2742 Α.
412 2655 701 2744 POSTVMIVS
723 2655 950 2742 ALBINVS

315 2803 542 2861 TESTIMONIA
559 2804 608 2859 DE
628 2805 716 2861 VITA
734 2804 782 2860 ΕΤ
800 2803 973 2862 HISTORIA

104 2910 136 2978 l.
160 2919 292 2980 Praetor
320 2936 349 2980 ο.
371 2919 443 2979 155.
470 2918 538 2979 599
565 2913 645 3000 (test.
667 2913 717 3000 2),
754 2938 836 2982 cons.
869 2936 938 2980 cum
969 2920 1004 2980 L.
1031 2920 1151 2982 Licinio

137 3007 264 3069 Lucullo
283 3025 311 3068 α.
327 3007 397 3069 151.
418 3008 494 3083 503,
510 3027 539 3071 α.
548 3008 623 3070 145.
644 3007 738 3069 eota
752 3015 860 3070 senatu
876 3025 944 3069 cam
959 3009 1062 3070 decem
1081 3011 1190 3070 aliisae
1314 3005 1315 3008 ’

138 3098 168 3157 in
194 3097 358 3158 Graeciam
381 3099 496 3173 missus,
520 3099 742 3174 palaciolum
766 3101 798 3158 in
816 3099 1002 3175 prouinciae
1016 3095 1150 3173 sormam

137 3187 322 3262 reciperent,
350 3192 380 3246 et
408 3187 445 3247 ob
469 3188 707 3248 beneuolentiam
730 3203 817 3247 soom
846 3205 865 3247 α
897 3187 1025 3248 Graecis
1047 3194 1150 3248 statuo

136 3275 302 3336 honoratos
326 3270 404 3356 (Oia.
424 3277 468 3336 oct
479 3275 538 3336 Ata.
552 3275 641 3336 XIII
652 3274 706 3351 30,
720 3275 742 3336 3
746 3297 758 3347 ;
780 3275 832 3351 33,
846 3271 890 3357 3).

105 3364 137 3432 2.
163 3371 526 3449 0t0.acaa.1145,137
553 3371 626 3451 Legi
645 3371 723 3452 apud
742 3371 972 3454 Clitomachum,
993 3393 1062 3436 cum
1081 3374 1150 3436 Car·

137 3459 245 3522 neades
264 3467 294 3522 et
313 3462 425 3522 stoicus
444 3460 590 3540 Diogenes
609 3460 646 3523 ad
666 3471 802 3524 senatum
817 3464 848 3523 in
863 3461 1007 3542 Capitolio
1026 3468 1150 3544 starent,
1164 3484 1190 3525 ao

135 3548 244 3610 Aulum
266 3548 420 3630 Albinum,
444 3552 496 3629 qui
518 3558 583 3611 tum
605 3549 638 3612 P.
658 3549 797 3630 Scipione
818 3558 848 3612 et
866 3549 903 3612 M.
923 3551 1061 3613 Marcello
1081 3570 1149 3612 con-

138 3636 252 3699 sulibus
266 3647 387 3717 praetor
401 3647 490 3721 esset,
507 3657 585 3721 eum,
601 3641 652 3718 qui
667 3656 735 3700 cum
750 3658 806 3701 auo
823 3650 884 3722 tuo,
899 3638 1030 3721 Luculle,
1045 3639 1149 3701 consul
