2648 4058
494 279 722 337 FRAGMENTA
743 287 820 339 1-6.
1095 281 1141 348 33

120 421 177 512 (ex
186 430 334 508 Dionysio
344 430 436 509 Sync.
443 447 475 507 p.
484 430 551 490 365
562 431 654 492 Dind.
664 436 694 492 ιι
703 431 811 493 Ευσιλι.
821 432 926 493 chron.
936 449 968 509 p.
977 430 1039 492 281
1049 423 1136 514 δελ.)

120 519 264 580 =Solin.
281 518 302 578 Ι
310 518 356 578 27
366 537 397 596 μ.
407 520 447 579 11
461 519 503 579 Μ.
527 518 629 580 Cincio
644 517 767 580 Romam
781 519 956 581 duodecima
971 519 1137 601 olympiade

118 606 218 686 placet
241 605 398 670 conditam.

14 777 26 784 .
212 707 246 778 ὅ.
266 714 390 792 Dionys.
401 715 439 775 II
446 715 488 776 38
508 712 567 775 Καί
582 709 676 794 αὐτὴν
690 710 882 794 [Τάρπειαν],
897 711 937 791 άς
951 713 1005 797 μὲν
1018 712 1135 797 Φάβιός

117 833 149 872 τε
176 809 227 873 καί
254 814 378 896 Κίγκιος
408 808 592 895 γράφουσιν,
626 811 699 893 ἔρως
729 811 884 895 εἰσέρχεται
915 817 974 876 τῶν
1005 815 1165 895 ψελλίωνσ

117 931 147 970 κ.
164 930 188 970 τ.
207 914 232 972 λ.
267 907 316 990 ’(ο.
330 907 388 994 39)
407 911 439 974 οί
454 907 487 972 δὲ
509 908 575 992 περί
598 904 650 972 τὸν
674 905 791 992 Φάβιόν
813 933 842 974 τε
865 910 914 973 καλ
939 911 1064 994 Κίγκιον
1087 905 1137 974 οά-

119 1003 172 1068 δὲν
188 1012 303 1071 τοιοῦτο
316 1007 470 1092 γεγονέναι
487 1006 624 1090 λέγουσιν
643 1031 670 1072 κ.
683 1033 707 1071 τ.
720 1013 745 1069 λ.
758 1036 799 1058 =
810 1011 886 1072 Fab.
896 1008 942 1086 fr.
955 1009 976 1070 8
986 1029 1018 1088 μ.
1032 1009 1078 1070 20
1091 1027 1134 1086 sq.
1145 1067 1199 1118 439

210 1111 245 1178 6.
268 1118 394 1196 Diony&
408 1117 480 1178 XII
491 1118 513 1176 4
523 1135 555 1194 μ.
569 1116 635 1176 178
648 1118 682 1176 K
680 1163 687 1178 .
717 1117 758 1178 Οί
773 1113 826 1196 μὲν
842 1110 880 1195 δῆ
894 1109 929 1177 τά
943 1111 1135 1178 πιθανάτατα
1145 1139 1200 1206 {ss

118 1235 171 1292 μοι
189 1212 346 1288 δοκοῦντες
363 1209 491 1297 γράφειν
504 1212 569 1294 περλ
589 1217 641 1293 τῆς
655 1215 789 1277 Μαιλίου
803 1217 937 1294 τελευτῆς
950 1208 1026 1276 οὕτω
1041 1233 1136 1294 παρα-

118 1305 274 1373 δεδάκασι.
306 1309 451 1394 Λεγίσθω
471 1308 503 1372 δὲ
516 1308 565 1372 καλ
584 1303 600 1372 δ
620 1310 718 1373 δοκῶν
735 1302 823 1392 ῆττον
842 1305 920 1374 είναί
936 1334 987 1392 μοι
1004 1305 1136 1386 πιθανὸς
1150 1331 1179 1372 ιο

117 1403 216 1490 λόγος,
239 1398 263 1494 ᾧ
285 1407 440 1490 κέχρηνται
458 1409 583 1490 Κίγκιος
605 1407 656 1469 καί
673 1405 884 1490 Καλπούρνιος
903 1408 961 1488 [fr.
974 1409 1047 1489 24],
1070 1408 1135 1472 ἐπι·

117 1500 219 1587 χάρισι
243 1511 434 1588 συγγραφεῖς,
453 1505 487 1569 οἳ
500 1523 593 1585 φασιν
614 1501 680 1568 οίίτε
699 1502 855 1588 δικτάτορα
873 1501 932 1570 ὑπὸ
952 1511 1003 1588 τῆς
1021 1511 1134 1590 βουλῆς

117 1599 337 1687 άποδειχθῆναι
364 1599 416 1667 τόν
438 1604 580 1667 Κοίντιον
612 1599 679 1666 οὔτε
706 1600 858 1687 ἱππάρχην
879 1599 939 1668 ὑπὸ
968 1610 1021 1668 τοῦ
1043 1610 1135 1668 Κοιν-

116 1703 182 1765 τίου
204 1687 257 1766 τὸν
279 1702 462 1785 Σερουίλιον.
502 1698 663 1783 γενομένης
687 1699 720 1764 δὲ
746 1707 798 1783 τῆς
821 1698 975 1784 μηνύσεως
997 1698 1058 1767 όπδ
1081 1707 1135 1767 τοῦ

116 1801 284 1880 Μηνυκίου
320 1794 390 1874 τοδς
421 1794 570 1880 παρόντας
608 1798 642 1861 ἐν
673 1804 712 1887 τῷ
745 1802 890 1885 συνεδρίῳ
921 1794 1134 1875 πιστεύσαντας
1149 1818 1176 1862 15

116 1891 218 1978 άληθῆ
241 1892 276 1959 τά
304 1893 445 1980 λεγόμενα
473 1891 549 1959 εἶναι
575 1895 699 1982 γνάμην
728 1894 962 1980 άποδειξαμένου
985 1904 1045 1963 τῶν
1067 1923 1135 1982 πρε-

116 1993 268 2077 σβυτέρων
294 1990 375 2070 τινδς
402 1991 522 2083 &now
548 1985 568 2076 ἦ
593 1991 653 2076 μῆν
676 1991 848 2060 άποκτεῖναι
869 1991 922 2060 τδν
943 1993 1055 2076 άνδρα,
1078 2019 1133 2058 πα·

116 2098 253 2176 ραχρῆμα
270 2099 434 2175 πεισθῆναι
451 2089 502 2156 καί
520 2085 597 2157 οὕτω
616 2088 669 2158 τὸν
687 2095 862 2176 Σερουίλιον
879 2093 928 2157 ίπλ
945 2099 1030 2160 τοῦτο
1049 2090 1134 2170 τάξαι

115 2186 149 2255 τὸ
177 2193 279 2274 ἔργον,
306 2191 377 2256 νέον
404 2189 475 2256 ὄντα
501 2190 553 2254 καλ
579 2187 652 2254 κατὰ
680 2199 762 2274 χεῖρα
783 2199 932 2275 γενναῖον.
972 2197 1077 2257 τοῦτον
1100 2192 1135 2256 δέ

115 2306 192 2368 φασι
206 2283 335 2371 λαβόντα
347 2285 380 2353 τὸ
399 2291 531 2370 ξιφίδιον
545 2285 605 2352 ὑπὸ
620 2285 715 2371 μάλης
729 2287 829 2352 ἐλθεῖν
842 2285 917 2372 πρὸς
930 2285 983 2354 τδν
997 2292 1133 2355 Μαίλιον
1147 2306 1175 2348 2⁰

114 2380 321 2468 πορευόμενον
339 2386 441 2468 ἕντῆς
459 2382 570 2469 άγορᾶς
591 2387 642 2450 καί
664 2383 849 2470 προελθόντα
869 2389 977 2467 εἰπεῖν,
995 2379 1041 2453 ὅτι
1063 2386 1135 2471 βοά-

115 2485 198 2563 λεται
225 2484 292 2564 περλ
319 2480 489 2567 πράγματος
516 2479 686 2566 ἀπορρήτου
714 2485 764 2548 καί
787 2482 914 2568 μεγάλου
938 2488 1133 2570 διαλεχθῆναι

114 2578 191 2662 πρὸς
209 2578 309 2646 αὐτόν.
346 2578 537 2658 κελεάσαντος
556 2579 588 2644 δὲ
604 2587 658 2646 τοῦ
671 2585 807 2647 Μαιλίου
822 2579 928 2664 μικρόν
941 2579 1133 2666 ἀποχωρῆσαι

113 2674 185 2754 τοδς
207 2676 294 2764 ἔγγὺς
318 2675 397 2765 αὐτῷ
419 2675 570 2760 παρόντας
593 2675 695 2763 ἐπειδὴ
719 2681 894 2764 μονωθέντα
920 2686 973 2763 τῆς
996 2687 1133 2763 φυλακῆς

113 2775 212 2859 ἔλαβε,
234 2774 432 2861 γυμνάσαντα
449 2773 481 2840 τὸ
500 2778 586 2858 ξίφος
604 2773 704 2860 βάψαι
720 2774 795 2841 κατά
812 2783 865 2860 τῆς
883 2783 1010 2862 σφαγῆς.
1045 2783 1130 2844 τοῦτο
1146 2794 1173 2836 2⁵

114 2870 149 2936 δὲ
171 2872 323 2956 πράξαντα
342 2873 442 2961 δρόμῳ
462 2879 567 2957 χωρεῖν
585 2876 627 2951 είς
645 2872 677 2940 τὸ
696 2871 909 2958 βουλευτήριον
928 2875 968 2938 ἔτι
981 2882 1133 2959 συγκαθη-

113 2971 214 3054 μένων
231 2979 291 3039 τῶν
310 2974 472 3056 συνέδρων,
490 2973 594 3055 ἔχοντα
616 2969 648 3037 τὸ
669 2975 755 3052 ξίφος
772 2968 953 3058 ῆμαγμίνον,
971 2969 1133 3055 κεκραγότα

113 3067 189 3152 πρὸς
207 3069 277 3148 τοδς
295 3069 467 3151 διώκοντας,
485 3068 531 3137 ὅτι
548 3071 716 3146 κελευσθεὶς
730 3065 789 3136 ὑπὸ
807 3068 861 3152 τῆς
876 3074 988 3153 βουλῆς
1001 3066 1132 3156 άνῆρηκε

112 3164 166 3235 τόν
192 3164 350 3255 τάραννον.
392 3166 577 3246 αἰκοάσαυτας
604 3167 638 3232 δὲ
665 3165 696 3232 τδ
723 3173 775 3249 τῆς
801 3172 912 3251 βουλῆς
939 3165 1035 3249 ὄνομα
1061 3164 1132 3244 τοὺς

113 3263 288 3350 ὡρμηκότας
314 3270 414 3332 παίειν
441 3292 471 3332 τε
497 3267 547 3331 καί
574 3263 693 3350 βάλλειν
720 3261 812 3330 αὐτὸν
833 3262 1058 3346 άποτραπέσθαι
1080 3267 1131 3332 καί
1144 3283 1173 3328 ιο

113 3365 209 3448 μηδὲν
231 3368 273 3442 είς
296 3362 387 3430 αὗτδν
410 3372 628 3449 παρανομῆσαι.
665 3361 719 3427 ’m
740 3361 846 3428 τοάνου
868 3365 919 3427 καλ
939 3360 995 3446 τῆν
1018 3365 1131 3428 ἐπωνυ·

112 3466 186 3546 μίαν
207 3459 264 3544 τῆν
278 3460 372 3526 ’Ἅλον
395 3459 474 3550 αὐτῷ
496 3469 623 3546 τεθῆναι
645 3461 795 3546 λέγουσιν,
823 3458 921 3527 ὅτιτὸ
945 3464 1031 3542 ξίφος
1054 3463 1132 3544 ἔχων

111 3556 173 3624 ὑπὸ
193 3556 288 3643 μάλης
304 3552 400 3641 ἦλθεν
419 3560 467 3624 ἐπί
483 3557 536 3624 τὸν
556 3557 665 3644 ἄνδρα·
693 3557 766 3636 άλας
784 3557 840 3643 γάρ
853 3565 977 3624 καλοῦσι
985 3555 1130 3640 Ῥωμαῖοι

111 3655 165 3735 τδις
187 3655 289 3739 μάλας.

167 3771 255 3823 Ριτιι,
269 3771 330 3814 Em.
344 3772 410 3813 Rom.
424 3772 505 3821 mm
953 3764 969 3810 3
