2670 4058
463 243 691 301 FRAGMENTA
709 251 823 300 28-37.
1110 244 1155 309 85

134 394 220 474 llago
243 393 380 456 cedentis
402 402 523 455 nostros
544 395 638 456 effuse
659 403 848 475 sequeretur,
870 411 956 456 caesa
977 413 1014 456 ex
1036 395 1154 458 insidiis

134 482 251 546 scribit
282 484 370 563 Apud
389 486 487 546 omnis
507 502 648 563 maguum
671 501 782 546 nomeu
803 483 908 546 blareii
929 483 1016 546 ducis
1039 493 1094 546 est
1123 493 1155 546 ct

133 591 226 634 uerae
245 573 357 652 gloriae
376 575 443 634 eius
460 575 550 634 etiem
566 572 712 635 miracula
729 572 856 654 addunt,
873 573 1022 634 dnmmam
1040 575 1153 636 eicon

133 664 263 724 tioueuti
281 663 378 724 lusam
391 681 409 723 e
422 665 520 742 eapite
534 665 600 725 sinc
613 665 710 742 ipsius
723 679 816 724 sensu
831 681 901 724 cunr
914 680 1022 741 magno
1040 681 1152 742 pauore

133 753 397 814 circumstantium
412 751 553 833 militum,
573 754 850 832 monimentumque
868 753 1013 814 uictoriae
1032 754 1098 814 eius
1116 752 1181 814 des

132 841 246 904 Poenis
273 859 370 921 usqrre
395 842 434 904 ad
464 845 623 904 incensum
650 840 829 921 Capitolium
860 841 954 902 fuisse
980 843 1013 902 in
1042 841 1153 920 templo

132 930 266 1012 elipeum
296 931 442 994 blrreium
473 929 655 1011 appellatum
686 949 756 992 cum
789 931 918 1009 imagme
949 929 1154 992 Hasdrubalis

132 1013 192 1103 (cf.
201 1021 284 1084 Acri
296 1020 340 1097 [r.
354 1022 387 1081 4.
413 1021 516 1084 Volet.
529 1020 573 1097 [r.
587 1014 655 1103 23.)

225 1104 311 1174 33².
334 1112 413 1172 Pron
426 1110 547 1173 XVIII
557 1111 599 1170 41
621 1108 654 1171 C.
671 1109 783 1170 Furius
800 1107 953 1170 Cresimus
972 1127 988 1168 e
1007 1108 1155 1170 seruitute

133 1198 281 1262 liberatus
308 1217 378 1261 cum
405 1200 437 1260 in
464 1217 560 1278 poruo
586 1197 745 1260 admodum
772 1197 866 1278 agello
893 1197 1038 1277 longiores
1059 1196 1155 1259 multo
1169 1217 1196 1256 ro

133 1289 253 1350 fructus
271 1291 443 1369 perciperet
456 1306 545 1367 qnam
559 1306 596 1348 ex
613 1287 806 1367 amplissimis
823 1289 973 1367 uicinius,
991 1288 1024 1348 in
1041 1285 1156 1348 inuidia

133 1385 202 1440 erat
224 1396 339 1457 magua,
361 1395 418 1440 ceu
442 1377 545 1456 bruges
567 1376 679 1438 alienes
695 1376 858 1457 perliceret
875 1377 1038 1438 ueneficiis
1066 1393 1156 1456 quem

133 1465 175 1527 ob
189 1486 254 1528 rem
268 1466 305 1527 ab
320 1465 370 1546 Sp.
379 1466 487 1528 Albino
500 1465 600 1527 curuli
613 1470 713 1528 aedile
726 1465 775 1527 die
788 1465 869 1528 dicta
885 1475 1023 1528 metuens
1037 1465 1156 1526 demna-

134 1557 259 1636 tionem,
277 1574 347 1618 cunr
364 1557 397 1617 in
416 1555 590 1634 suffragium
608 1555 706 1617 tribus
724 1563 878 1634 oporteret
897 1557 952 1636 ire,
974 1557 1155 1616 instrumen-

134 1653 202 1706 tum
225 1647 373 1706 rusticum
395 1663 483 1706 omne
506 1647 538 1706 in
561 1644 660 1705 lorum
682 1643 783 1706 attulit
804 1652 836 1705 et
862 1643 987 1705 adduxit
1014 1643 1155 1704 familiam
1169 1661 1196 1702 ιε»

134 1751 223 1796 suem
241 1733 368 1796 ualidam
388 1743 487 1815 atque,
504 1741 539 1796 ut
557 1735 599 1796 ait
611 1733 690 1815 Piso,
703 1737 780 1795 bene
799 1741 933 1794 cornum
951 1749 986 1794 ac
1005 1734 1155 1812 uestitum,

134 1823 317 1884 lerramnta
339 1825 459 1903 egregie
482 1824 573 1904 lecu,
600 1841 710 1902 graues
732 1822 861 1903 ligones,
883 1839 1022 1884 uomeres
1043 1821 1155 1901 ponde-

133 1929 232 1994 rosos,
245 1911 340 1974 boues
357 1921 485 1974 saturos.
510 1919 615 1992 postca
632 1912 721 1972 dixit:
743 1907 903 1972 ‘Veneficio
921 1929 997 1991 mea,
1014 1909 1156 1990 Quirites,

132 1999 211 2062 baec
233 2011 315 2082 sunt,
337 2019 393 2063 nec
416 2019 539 2080 possum
563 1999 650 2062 uobis
673 2000 831 2062 ostendere
854 2008 907 2062 aut
928 2002 961 2060 in
981 1999 1083 2060 lorum
1105 1999 1155 2060 ad-

134 2089 248 2151 ducere
263 2089 485 2152 lucubrationes
498 2107 580 2151 meas
599 2088 776 2169 uigiliasque
794 2097 825 2150 et
842 2084 991 2151 sudores’
1015 2087 1154 2152 Omnium
1168 2107 1196 2148 eo

134 2180 295 2240 sententiis
318 2177 474 2242 absolutus
496 2181 597 2258 itaque
620 2187 674 2240 est

226 2261 312 2332 34&
330 2269 409 2329 no.
423 2268 595 2329 risun
606 2268 648 2327 14
666 2266 926 2330 reconsecrare
944 2266 1112 2347 dacosque
1125 2243 1218 2328 om!

132 2355 315 2436 monopodia
348 2356 402 2418 Cu.
428 2356 571 2418 blanlium
599 2356 670 2418 Asie
697 2355 815 2418 deuicta
845 2359 977 2436 primum
1003 2359 1155 2418 inuexisse
1165 2334 1217 2384 ⁵⁶⁷

133 2444 289 2524 triunqobo
321 2463 390 2526 suo,
419 2465 508 2525 quom
535 2445 621 2507 duxit
647 2463 724 2506 anno
752 2445 837 2507 urbis
864 2461 1002 2528 nuxvn,
1029 2445 1063 2506 L.
1085 2445 1155 2506 Piso

133 2541 243 2594 auctor
265 2542 320 2595 cst
1169 2552 1197 2593 es

224 2617 313 2686 35&
328 2625 407 2685 Plio.
415 2625 471 2684 ΙΙΙ
481 2624 543 2684 131
560 2621 607 2684 sb
620 2622 756 2702 Apuleia
769 2623 806 2684 ed
820 2638 869 2686 m
881 2623 1011 2703 lapidem
1025 2623 1156 2686 deletum

135 2710 281 2790 oppidum
299 2713 390 2773 etiam
407 2715 505 2774 inuito
523 2720 630 2773 senatu
647 2730 665 2772 a
682 2711 720 2773 M.
740 2711 864 2774 Claudio
881 2711 1021 2774 Marcello
1039 2712 1071 2773 L.
1086 2711 1156 2773 Piso

134 2807 243 2860 auctor
265 2808 319 2862 est

508 2900 563 2956 Ex
585 2899 713 2956 LIBRO
736 2900 789 2956 VII

227 3007 287 3075 86.
314 3014 435 3075 Cursor.
450 3015 480 3074 d.
495 3014 690 3090 e.o17,13
717 3014 816 3076 Testis
839 3022 886 3076 est
907 3013 990 3095 Piso,
1013 3015 1044 3074 in
1067 2991 1218 3074 coros&

134 3100 236 3162 annali
258 3103 385 3182 septimo
408 3104 555 3182 scriptum
578 3110 626 3163 est
648 3104 706 3164 sic:
733 3103 827 3165 Rome
849 3103 968 3165 condita
991 3120 1085 3163 annos
1107 3083 1217 3165 nc⁶⁹⁶

135 3192 298 3269 septimum
312 3191 423 3270 occipit
437 3190 589 3253 saeculnm
603 3191 651 3253 bis
665 3193 848 3275 consulibus,
863 3195 916 3274 qui
929 3193 1057 3273 proximi
1072 3200 1156 3254 suut:

135 3277 276 3340 consules
289 3277 327 3340 ld.
342 3279 486 3341 Aemilios
500 3279 538 3341 n.
557 3280 637 3342 lilius
651 3279 782 3361 Lepidus
799 3281 832 3343 C.
845 3281 979 3361 Popilius
992 3295 1020 3343 11
1039 3281 1156 3343 absens.

226 3361 312 3431 aas.
336 3369 414 3430 nro.
433 3369 607 3431 rrrrrrr
624 3371 672 3432 eo
707 3369 818 3432 tucius
845 3370 913 3431 Piso
945 3370 1090 3452 pronao,
1118 3350 1219 3431 esti}

134 3455 262 3517 Aemilio
281 3455 311 3518 G.
330 3456 445 3536 Popilio
469 3459 579 3519 iterum
602 3458 777 3520 consulibus
800 3477 816 3520 a
839 3459 1015 3522 censoribus
1032 3458 1064 3520 P.
1085 3439 1218 3520 cor-⁵⁹⁶

134 3544 215 3605 nelio
240 3544 380 3625 Scipione
403 3545 441 3606 bl.
464 3544 579 3628 Popilio
608 3555 721 3609 statuas
748 3551 827 3610 circa
855 3549 953 3609 lorum
976 3566 1080 3610 eorum
1104 3549 1156 3626 qui
1169 3568 1196 3609 es

134 3636 344 3715 magistratum
371 3633 540 3718 gesserant,
567 3635 698 3697 sublatas
730 3639 827 3698 omnis
853 3643 974 3717 praeter
1000 3654 1051 3698 ees
1080 3653 1155 3716 quae
