2620 4054
367 237 467 294 unsr.
485 242 562 292 ε-ι.
599 235 732 295 renent.
751 244 843 296 1-11.
1048 239 1113 306 273

190 379 249 447 8³¹².
274 387 380 447 Ioann.
401 387 477 463 Lyd.
502 389 540 448 de
561 405 641 462 mag.
661 388 719 448 ΙΙΙ
741 388 785 447 74
816 382 900 469 Πρὸς
926 391 1114 468 Πεσινοῦντι,

100 477 182 545 πόλει
203 485 255 562 τῆς
277 483 421 556 Γαλατίας
449 476 541 566 (οὕτω
565 481 598 544 δὲ
620 479 652 546 τὸ
676 486 784 565 χωρίον
811 481 1021 566 ὀνομασθῆναι
1043 504 1114 567 συμ-

101 579 226 662 βέβηκεν
258 577 290 640 ἐκ
321 583 373 642 τοῦ
400 586 500 642 πεσεῖν
523 575 671 660 ’ἀπείρους
703 581 766 643 ἐκεῖ
788 584 929 644 Γαλατῶν
960 587 1019 646 τῶν
1045 578 1116 664 περὶ

95 673 239 742 Ῥοδανὸν
262 672 463 740 ἐπιπεσόντων
479 683 514 765 τῇ
537 674 618 763 guipp
638 677 771 759 Βρέννου
789 674 978 762 ἡγησαμένου
997 677 1115 762 καλιὴν

100 770 260 855 ὁμώνυμον
279 770 380 848 αὐτοῖς
398 770 496 855 χώραν
514 775 641 838 ἐκδικεῖν
654 775 847 857 βιαζομένων,
862 772 902 852 ὡς
922 778 1141 854 Φενεστέλλαςὸ

99 872 149 935 καί
172 875 299 946 Σισὲνας
318 871 377 952 [fr
386 871 462 950 133]
487 874 519 935 οἱ
534 865 675 955 Ῥωμαῖοί
695 892 802 954 φασιν,
821 865 864 938 ὧν
881 871 934 951 τὰς
960 873 1075 959 χρήσεις
1098 871 1114 941 ὅ

102 967 226 1052 Βάρρων
245 969 370 1032 ἐπὶτῶν
388 965 590 1052 ἀνθρωπίνων
613 968 790 1053 πραγμάτων
812 968 974 1056 ἀνήγαγεν·
1006 970 1063 1056 ἐγὼ
1082 971 1115 1036 δὲ

99 1065 153 1144 τὰς
168 1071 291 1150 βίβλους
309 1063 393 1130 οὔπω
416 1063 571 1153 τεθέαμαι)
596 1069 660 1132 ἐκεῖ
678 1072 780 1132 τοίνυν
801 1068 919 1149 τέμενος
941 1061 981 1151 ἦν
1003 1095 1030 1134 ιι.
1048 1095 1071 1133 τ.
1091 1076 1115 1133 λ.

189 1170 250 1238 9*.
273 1177 396 1240 Sueten.
420 1180 459 1238 de
478 1184 556 1253 poet.
578 1178 642 1253 6,1
657 1197 688 1254 p.
702 1178 748 1238 26
766 1177 817 1254 Rs.
850 1176 976 1248 Quidam
996 1186 1116 1258 captum

101 1283 166 1327 esse
195 1267 365 1326 existimant
393 1264 441 1343 [P.
469 1267 640 1328 Terentium
662 1266 801 1348 Afrum],
834 1267 913 1346 quod
941 1267 1007 1328 fieri
1035 1267 1115 1328 nullo
1130 1284 1156 1323 ιο

102 1354 188 1416 modo
211 1356 344 1433 potuisse
367 1353 534 1416 Fenestella
556 1356 657 1436 docet,
681 1374 749 1417 cum
777 1359 856 1416 inter
879 1357 968 1417 tinem
992 1357 1117 1418 secundi

101 1442 207 1504 Punici
229 1442 300 1503 belli
323 1452 352 1505 et
375 1445 493 1504 initium
517 1447 600 1506 tertii
623 1452 762 1507 etratus
786 1448 825 1506 sit
844 1453 874 1506 et
893 1453 1037 1507 mortuus.
1061 1464 1116 1507 nec

102 1534 127 1593 si
141 1551 157 1592 a
171 1530 307 1592 Numidis
326 1540 377 1593 aut
395 1532 527 1594 Gaetulis
546 1542 651 1614 captus
670 1536 718 1615 sit,
732 1534 768 1595 ad
783 1535 936 1606 dominum
950 1533 1117 1595 Romanum

101 1624 260 1701 peruenire
283 1623 425 1701 potuisse,
444 1621 526 1682 nullo
545 1625 724 1684 commercio
744 1625 823 1684 inter
841 1622 959 1684 ltalioos
981 1630 1011 1684 et
1029 1624 1116 1684 Atros

101 1712 159 1771 nisi
189 1717 257 1789 post
285 1709 411 1771 deletam
439 1710 650 1790 Karthaginem
680 1720 794 1790 coepto.
836 1711 891 1773 llic
919 1730 988 1774 curn
1015 1711 1117 1773 multis
1132 1727 1157 1767 rs

102 1794 252 1859 nobilibus
286 1798 471 1860 familiariter
503 1802 591 1879 uixit,
629 1801 681 1861 sed
713 1803 839 1862 maxime
876 1818 945 1862 cum
979 1800 1117 1880 Scipione

101 1888 240 1948 Africano
264 1894 294 1947 et
317 1886 347 1947 C.
371 1886 485 1967 Laelio,
513 1888 623 1966 quibus
651 1891 740 1948 etiam
767 1891 901 1968 corporis
931 1891 1025 1968 gratia
1048 1908 1117 1951 con·

101 1976 219 2037 eiliatus
242 1977 437 2037 existimatur.
461 1977 539 2056 quod
564 1986 595 2037 et
617 1979 715 2055 ipsum
733 1975 899 2039 Fenestella
917 1980 1024 2058 arguit,
1049 1996 1117 2039 con·

102 2065 228 2126 tendens
252 2072 379 2143 utroque
404 2067 545 2126 maiorem
569 2073 641 2127 natu
664 2065 765 2127 luisse.
804 2059 858 2147 (ef.
880 2067 969 2127 Corn.
988 2067 1060 2143 Nep.
1080 2069 1118 2127 de

100 2158 160 2216 uir.
181 2158 221 2216 ill.
239 2153 282 2229 fr.
296 2147 360 2236 12.)
991 2189 994 2196 »
1131 2170 1157 2210 ao

192 2255 275 2323 10*.
291 2262 428 2322 Fronttn.
444 2262 755 2336 cooperuimus
768 2262 789 2320 7
802 2260 874 2321 Post
888 2279 981 2322 annos
995 2270 1116 2322 centum
1127 2262 1180 2340 Q

101 2351 210 2428 uiginti
234 2357 356 2430 septem,
379 2350 410 2410 id
435 2356 481 2410 est
504 2367 581 2411 anno
604 2350 640 2410 ab
663 2349 739 2411 urbe
762 2350 881 2412 condita
901 2353 1116 2412 sexcentesimo
1128 2352 1180 2401 610

102 2446 216 2516 octauo,
237 2437 299 2499 Ser.
316 2437 449 2517 Sulpicio
468 2438 558 2500 Galba
578 2436 674 2517 [cum]
694 2438 785 2501 lucio
804 2438 925 2501 Aurelio
945 2438 1029 2501 Cotta
1049 2458 1118 2500 con·

101 2526 225 2605 sulibuS,
235 2546 303 2588 oum
314 2529 425 2607 Appiae
435 2528 617 2607 Anionisque
632 2528 741 2589 ductus
750 2535 899 2590 uetustate
914 2531 1046 2607 quassati
1059 2531 1119 2607 pri-

101 2623 240 2676 uatorum
255 2619 344 2677 etiam
357 2617 512 2678 fraudibus
530 2619 791 2697 interciperentur,
805 2617 907 2678 datum
921 2625 967 2678 est
981 2636 997 2677 a
1013 2625 1118 2678 senatu
1132 2630 1158 2672 as

101 2706 254 2783 negotium
276 2705 396 2785 llarcio,
420 2707 471 2785 qui
495 2714 558 2766 tum
582 2713 702 2784 praetor
722 2708 802 2766 inter
824 2707 907 2766 ciues
926 2707 974 2766 ius
992 2704 1118 2785 dicebat,
1193 2747 1195 2752 ·

102 2811 207 2854 eorum
218 2793 361 2854 ductuum
375 2794 605 2856 reficiendorum
619 2813 652 2855 ac
667 2794 924 2854 uindicandorum.
938 2801 968 2854 et
978 2796 1118 2874 quoniam

101 2885 322 2943 incrementum
351 2881 435 2943 urbis
464 2885 583 2964 exigere
611 2882 770 2944 uidebatur
798 2882 970 2962 ampliorem
998 2882 1118 2943 modum

103 2989 206 3052 aquae,
230 2971 327 3032 eidem
351 2973 520 3034 mandatum
544 2991 561 3032 a
580 2979 686 3033 senatu
705 2980 759 3053 est,
778 2978 812 3032 ut
831 2978 959 3052 curaret,
979 2974 1119 3050 quatinus

102 3059 175 3120 alias
199 3078 290 3140 aquas
310 3079 383 3139 quas
402 3069 503 3140 posset
522 3055 553 3121 in
571 3061 678 3122 urbem
696 3060 876 3140 perduceret
891 3107 986 3122 .....
997 3064 1119 3137 priores
1134 3075 1160 3115 ao

103 3149 214 3209 ductus
236 3153 382 3229 restituit,
410 3152 528 3210 tertiam
556 3149 615 3210 illis
638 3149 809 3210 uberiorem
828 3149 987 3229 perduxit,
1010 3150 1060 3209 cui
1084 3148 1120 3209 ab

102 3245 225 3299 auctore
248 3237 374 3298 Marciae
397 3253 507 3300 nomen
530 3246 584 3299 est.
616 3237 756 3318 Legimus
780 3245 852 3317 aput
870 3236 1067 3298 Fenestellam
1089 3239 1120 3298 in

102 3325 178 3386 haec
201 3343 291 3406 opera
308 3327 421 3388 Marcio
440 3327 594 3388 decretum
613 3329 785 3388 sestertium
804 3327 899 3388 milies
923 3327 1121 3405 octingenties

102 3423 134 3476 et
158 3417 298 3494 quoniam
326 3417 362 3478 ad
391 3415 657 3478 consummandum
685 3418 837 3494 negotium
861 3433 920 3475 non
945 3414 1120 3494 sufficiebat,

101 3507 234 3584 spatium
256 3513 414 3583 praeturae
437 3508 468 3566 in
492 3523 602 3566 annum
626 3503 751 3565 alterum
774 3512 975 3584 prorogatum.
1133 3539 1184 3587 114

195 3605 278 3674 ll*.
302 3612 614 3686 Macrob.sat.110,
633 3614 654 3673 5
681 3611 829 3673 Masurius
852 3620 882 3672 et
906 3611 956 3672 alii
979 3630 1038 3672 uno
1063 3609 1184 3691 diesin

157 3721 245 3772 hun,
259 3721 320 3762 Eiet.
334 3721 399 3763 Rom.
413 3722 494 3772 fragm.
925 3716 957 3765 18
