2620 4054
165 249 232 318 312
535 247 571 306 Μ.
589 246 712 306 cnvvn
730 248 818 304 RVFI

165 395 395 482 ἐστρατηγηκώς,
418 395 504 480 ἤρατο
523 394 694 462 Κλούονιον
711 393 911 478 παρεξόμενον
934 392 1024 484 αὐτῷ,
1047 396 1183 460 καὶτοῦ-

164 519 219 560 τον
239 491 384 560 ὑπατικόν
412 495 485 575 [quo
514 516 595 560 enno
618 505 690 559 ente
719 515 800 559 cons.
830 496 942 573 fuerit,
969 514 1031 559 non
1054 501 1184 572 constat,

165 595 205 672 es.
221 597 387 658 Mommsen
402 598 426 658 I.
441 598 480 659 R.
495 598 530 657 Ν.
546 615 573 657 n.
588 593 701 673 2224}
720 596 807 671 εἴτις
825 589 905 681 αὐτῷ
923 592 1074 674 νεωτέρων
1091 616 1182 676 πραγ-
1306 631 1307 640 1

166 689 265 772 μάτων
288 689 425 772 ἀφίκοιτο
442 688 555 768 πύστις.
569 697 677 756 -τοῦ
691 689 724 754 δὲ
743 689 879 771 φαμένου
902 688 997 772 μηδὲν
1018 688 1181 768 πεπόσθαι,

165 785 306 872 ’σήμερον
323 788 496 874 τοτγαροῦν’
516 790 574 872 ἔφη
598 775 633 852 ’ὦ
653 782 812 866 Hesionae,
834 791 1082 868 τυραννοκτονίας
1100 784 1211 871 ipsivs
1304 797 1307 806 ⁴

164 883 334 969 πρόκειται’.
368 887 418 950 καὶ
436 883 453 950 ὁ
471 882 640 962 titulantes
664 876 700 951 ‘ab
717 883 850 968 peenuil'
870 905 953 966 φησι,
973 883 1061 969 ‘obpro
1079 882 1121 967 μή
1138 909 1181 960 τις

165 982 252 1060 ἄλλος
276 981 402 1066 Ἀχαιῶν
425 990 526 1065 μῦθον
553 981 690 1067 ἆκούσρῖ
717 1016 759 1028 -
789 986 949 1048 baccone
975 1002 1010 1046 eo
1037 1003 1110 1047 usus
1138 992 1185 1046 est

165 1085 256 1165 Nero,
280 1102 349 1148 curn
371 1085 489 1148 Rornae
511 1087 597 1163 apud
619 1087 765 1163 pupulum
788 1090 939 1164 cantaret,
957 1083 1040 1146 Suet.
1055 1084 1127 1146 Ner.
1141 1082 1182 1145 21

165 1177 320 1266 (Niobam
338 1202 371 1244 se
390 1189 587 1246 amiciorum
607 1201 666 1260 per
691 1184 830 1244 Cluuium
849 1180 966 1258 Rufum
989 1185 1182 1270 consularem

160 1276 421 1363 pronuntiauit'),
451 1281 510 1343 Dio
533 1281 649 1342 LXIII
663 1283 714 1343 14.
760 1282 921 1358 Principio
947 1284 1024 1342 euni
1046 1279 1098 1342 69.
1117 1279 1225 1342 82210

164 1380 335 1457 Hispaniae
352 1379 579 1442 Tarraconensi
587 1372 836 1461 proceret(Tue.
845 1380 913 1440 bist.
929 1373 994 1458 18)
999 1398 1011 1450 ;
1025 1379 1124 1440 laistI
1136 1379 1182 1440 76

165 1467 249 1530 llam
272 1465 394 1545 [milites
417 1471 448 1530 in
473 1469 617 1531 Othonem
641 1466 773 1546 iurasse]
802 1485 838 1528 es
869 1465 1010 1547 Hispania
1042 1466 1182 1543 adlatum,
1308 1543 1309 1552 ρ

165 1556 362 1637 laudatusque
385 1575 440 1636 per
462 1557 593 1619 edictum
613 1556 737 1618 Cluuius
759 1555 865 1636 liuius,
889 1563 936 1618 set
958 1558 1058 1619 statim
1082 1559 1182 1636 cogui-
1308 1617 1309 1620 ,

164 1654 229 1707 tum
262 1654 310 1708 est
340 1663 517 1708 conuersam
548 1645 583 1706 ad
613 1644 761 1706 ViteHium
790 1643 971 1723 Hispaniam.
1024 1646 1121 1708 1158
1137 1665 1180 1722 sq.

165 1735 260 1798 1165
283 1733 456 1814 Digressum
474 1753 491 1795 a
509 1734 677 1816 Luguduno
701 1733 850 1797 ViteHium
872 1731 910 1796 Μ.
934 1733 1059 1798 Cluuius
1085 1734 1225 1796 liuius1⁵

165 1823 340 1904 adsequitur
354 1826 463 1886 omissa
476 1822 631 1905 Hispania,
650 1823 793 1884 laetitiam
807 1831 837 1886 et
851 1822 1079 1904 gratulationem
1094 1823 1181 1885 uultu

165 1911 274 1994 ierens,
299 1915 396 1974 animo
414 1915 520 1974 anxius
539 1921 569 1973 et
587 1916 714 1991 petitum
734 1930 765 1972 se
785 1912 1043 1974 criminationibus
1062 1929 1181 1990 gnarus,

163 2000 295 2064 Hilarius
306 2001 440 2064 Caesaris
454 2001 579 2064 libertus
590 2000 745 2083 detulerat,
754 2008 905 2082 tamquam
919 2001 1019 2062 audito
1027 1999 1136 2062 Vitellii
1152 2009 1182 2062 et

164 2089 291 2152 othonis
302 2093 472 2172 principatu
486 2092 637 2170 propriam
647 2092 712 2170 ipse
726 2098 904 2170 potestatem
918 2097 949 2151 et
962 2091 1181 2169 possessionem

163 2179 373 2259 Hispaniarum
385 2186 559 2258 temptasset
571 2177 1179 2260 eoquediplomatibusnullumprincipem
1195 2190 1225 2231 ’ν

163 2270 420 2349 praescripsisset3
444 2276 475 2330 et
499 2268 754 2348 interpretabatur
772 2268 916 2350 quaedam
936 2285 973 2329 ex
995 2267 1181 2330 orationibus

164 2359 230 2418 eius
257 2357 471 2418 contumeHosa
498 2359 530 2418 in
554 2357 703 2420 Vitellium
732 2365 773 2420 et·
790 2375 846 2437 pro
873 2374 905 2417 se
928 2357 995 2436 ipso
1017 2357 1180 2438 popularia.

164 2447 325 2508 auctoritas
345 2445 443 2507 Cluuii
461 2446 636 2527 praenotuit,
659 2457 694 2508 ut
712 2447 812 2526 puniri
831 2445 910 2506 ultro
933 2445 1074 2508 libertum
1092 2466 1181 2509 suum

164 2533 299 2599 Vitellius
321 2535 447 2598 iuberet
490 2535 614 2600 Cluuius
633 2536 786 2598 comitatui
803 2535 948 2614 principis
967 2535 1102 2600 adiectus
1120 2555 1180 2598 non

163 2623 300 2704 adempta
322 2623 473 2706 Hispania,
497 2644 585 2705 quam
607 2627 686 2686 rexit
708 2623 815 2686 absens
839 2623 974 2704 exemplo
997 2625 1029 2686 L.
1048 2627 1179 2686 Arrurnti
1194 2635 1224 2676 2⁵

164 2713 281 2776 11165
309 2714 404 2775 Verba
427 2733 577 2794 uocesque
602 2713 720 2793 [Menti
740 2712 850 2775 Sabini
870 2722 900 2776 et
925 2714 1037 2776 Vitellii
1059 2717 1097 2777 de
1116 2713 1180 2791 soe·

166 2805 240 2864 dere
263 2802 508 2882 colloquentium]
528 2805 603 2866 duos
625 2809 719 2863 testes
737 2801 895 2884 habebant,
913 2801 1052 2865 Cluuium
1070 2802 1180 2863 Rufum

164 2899 195 2952 et
219 2889 325 2952 Silium
352 2891 500 2954 Italicum:
533 2890 632 2953 uoltus
659 2890 766 2970 procul
798 2892 966 2953 uisentibus
993 2890 1181 2972 notabantur,

163 2979 274 3040 Vitellii
300 2983 453 3060 proiectus
485 2989 515 3042 et
542 2981 685 3060 degener,
719 2979 848 3041 Sabinus
880 2999 939 3042 non
971 2980 1118 3042 insultans
1151 2987 1181 3040 et

164 3070 319 3132 miseranti
341 3073 472 3149 propior.
517 3069 653 3130 111139
675 3068 839 3151 Mucianus,
863 3072 938 3149 quia
954 3069 1106 3149 propalam
1129 3086 1179 3146 op·
1194 3078 1223 3118 ⁸⁰

164 3159 254 3236 primi
277 3159 423 3220 Antonius
442 3157 593 3241 nequibat,
612 3158 714 3220 miultis
736 3161 768 3219 in
792 3166 898 3220 senatu
916 3157 1180 3219 laudibus-cumu-

164 3244 256 3308 latum
272 3250 396 3309 seeretis
409 3249 565 3326 promissis
580 3256 694 3329 onerat,
707 3249 878 3308 citeriorem
892 3246 1064 3327 Hispaniam
1082 3253 1180 3306 osten·

164 3343 231 3396 tans
255 3335 390 3398 discessu
410 3335 509 3398 Cluuii
530 3335 599 3397 uun
622 3355 755 3398 uacuam.

128 3439 164 3507 2.
192 3451 368 3520 Perithoi.
388 3451 444 3513 18
480 3450 604 3514 Cluuius
623 3451 727 3530 Rufus,
751 3454 799 3513 uir
822 3451 968 3514 facundus
986 3459 1017 3512 et
1034 3453 1117 3531 pacis
1136 3469 1186 3512 ar-

163 3539 253 3618 tibus,
277 3538 363 3601 bellis
385 3542 568 3622 inexpertus.
610 3541 744 3602 111143
763 3539 805 3618 [n.
828 3542 882 3602 70.
896 3539 973 3619 823]
997 3541 1093 3602 'lanto
1111 3558 1181 3601 cum
1194 3561 1222 3602 as

163 3628 292 3690 adsensu
320 3637 442 3692 senatus
470 3631 590 3694 auditus
618 3638 665 3690 est
691 3628 863 3712 Montanus,
892 3639 925 3691 ut
949 3647 1032 3711 spem
1060 3639 1180 3709 caperet
