2670 4058
186 213 249 278 158
485 163 495 174 ¹
521 209 672 266 vesunu
689 208 863 266 Annicula

184 364 347 442 scriptores
371 362 407 424 de
432 359 580 438 Scipionis
603 358 737 426 moribus
766 360 894 422 sensisse
923 367 953 420 et
980 376 1045 421 eam
1072 357 1200 438 puellam

184 452 334 530 captiuam
357 467 417 514 uon
439 449 586 512 redditam
609 451 689 528 patri
712 449 885 530 scripsisse,
906 456 1010 510 conire
1035 464 1123 526 wem
1145 465 1202 508 nos

186 538 442 619 supradiximus,
466 536 517 600 sed
541 545 728 602 retentasse
752 536 891 616 Scipione
919 544 1007 616 atque
1031 538 1063 598 in
1086 535 1201 598 deliciis

122 659 174 709 205
185 626 397 707 amoribusque
420 625 457 692 eli
480 644 517 688 eo
539 634 721 706 usunpatam.
1046 634 1048 638 '

121 731 176 800 Εἶθ’
275 711 333 780 26.
358 717 427 779 Lae
445 715 597 780 XXVIII
613 715 667 790 46,
687 716 729 778 u
752 713 872 778 Eisdem
891 713 997 778 dicbus
1017 731 1109 776 naues
1133 730 1231 776 ones

186 806 282 868 rarius
314 804 483 869 Poenorum
514 804 550 870 ad
588 805 737 883 octoginta
770 805 849 868 eirca
882 801 1049 866 Sardiniam
1081 801 1118 864 ab
1150 801 1202 863 Cn.
1309 787 1311 910 i

186 892 320 974 Octauio,
334 895 386 974 qui
399 893 572 973 prouinciae
586 901 731 973 praeerat,
746 900 860 971 captae,
880 910 935 954 eas
945 891 1064 954 Coelius
1080 890 1136 968 [fr.
1146 889 1202 968 33]

186 983 336 1048 frumento
345 984 437 1045 mino
447 983 483 1048 ad
493 981 687 1047 Hannibalem
697 989 923 1060 commeatuque
933 979 1204 1061 onustas,Valerius

186 1070 326 1150 praedam
344 1069 502 1140 Etruscam
523 1069 728 1150 Ligurumque
746 1069 954 1134 Montanorum
976 1072 1111 1150 captiuos
1134 1067 1203 1130 Car·

125 1160 337 1250 ,04tlaagincm
359 1162 508 1239 portantis
528 1168 630 1239 captas
652 1159 753 1226 tradit.
1219 1180 1247 1220 10

125 1272 179 1340 ff,
279 1253 338 1320 27.
361 1259 429 1320 Lia.
443 1260 510 1322 XX
516 1259 614 1320 VIII]
623 1258 711 1334 35,2
736 1257 816 1318 Duos
840 1257 945 1318 endem
967 1259 1087 1318 nomine
1108 1255 1204 1334 [Xon

189 1346 290 1425 nmis]
311 1346 600 1425 Carthaginiensium
623 1345 715 1407 duces
733 1345 851 1408 duobus
870 1345 1060 1425 equestribus
1082 1345 1205 1424 proeliis

190 1433 248 1513 [ad
260 1437 424 1504 Senecam
435 1434 557 1511 urbem]
571 1435 754 1516 interfectos,
773 1451 833 1499 non
852 1453 956 1500 omnes
975 1443 1112 1497 emines
1126 1441 1205 1512 sunt,

189 1527 290 1604 nerlii,
311 1524 412 1608 credo,
434 1543 472 1588 ne
491 1523 606 1586 ialierat
623 1523 671 1586 his
689 1522 782 1588 relata
801 1524 903 1586 eadem
922 1543 980 1586 res.
1006 1523 1122 1584 Caelios
1142 1523 1206 1602 qui·
1312 1535 1313 1548 *

128 1636 179 1686 noa
190 1614 258 1681 dan
282 1613 340 1691 [fr.
354 1612 412 1692 42]
436 1611 615 1678 cavalariae
635 1621 755 1692 captum
772 1613 948 1680 Hannonem
966 1613 1095 1678 emunt
1222 1633 1250 1674 15

127 1709 181 1776 BH
282 1707 341 1774 28.
364 1713 433 1772 aaa.
447 1711 547 1777 XXX
561 1711 592 1785 3,
611 1711 634 1770 ai
656 1710 740 1772 luter
760 1711 833 1772 haec
856 1729 896 1772 nc
919 1711 1062 1792 quhads
1086 1709 1207 1790 quidem

190 1801 406 1864 reconciliandi
431 1818 535 1860 emam
563 1818 600 1860 ex
628 1802 726 1861 animo
753 1803 876 1864 innaret
903 1799 1050 1882 [ScaploL
1077 1803 1104 1861 si
1131 1800 1208 1860 loric

191 1894 250 1952 iem
265 1892 353 1952 satias
367 1891 478 1952 amoris
495 1891 529 1949 in
545 1905 640 1950 unare
658 1907 695 1950 ex
712 1889 807 1950 merlin
824 1892 910 1970 copia
923 1907 992 1951 eum
1011 1891 1148 1969 cepisset
1172 1887 1209 1948 als

77 1990 81 1998 ·
193 1979 329 2060 quhaoe
344 1980 440 2056 ungis
457 1979 543 2057 panis
558 1995 627 2039 cum
642 1977 937 2058 Carthaginiensihrs
954 1978 1155 2057 condiciones,
1173 1984 1208 2038 nt

192 2069 320 2134 Romani
330 2067 439 2148 lidrico,
456 2067 550 2128 Poeni
568 2066 652 2128 ltalia
670 2067 858 2150 moderent,
876 2085 974 2149 quam,
994 2071 1021 2129 si
1038 2067 1208 2146 bellaretur,
1222 2089 1252 2129 so

194 2176 263 2238 spes
286 2157 347 2218 ulle
368 2156 556 2222 desdam
575 2156 774 2222 adserebatur.
811 2157 885 2218 haec
912 2175 967 2237 per
994 2159 1116 2218 nunties
1144 2163 1209 2216 aeia

193 2249 287 2326 magis
301 2245 443 2325 equidem
454 2245 634 2306 crediderim
649 2240 695 2327 (et
711 2248 751 2307 ita
771 2263 841 2325 pets
857 2249 956 2310 maier
968 2253 1105 2306 austeres
1124 2237 1208 2325 snut)

195 2353 284 2415 quem
301 2337 400 2414 ipsum
421 2334 595 2416 qulaaeem,
614 2343 648 2396 ut
664 2335 772 2396 Antias
783 2334 918 2396 llalerins
937 2333 1046 2415 pnsdit,
1063 2335 1094 2394 in
1112 2339 1209 2393 casina

132 2424 325 2514 2⁰3Romana
349 2423 385 2484 ad
409 2424 600 2504 conloquium
623 2425 752 2486 uenisse.

132 2535 186 2604 ᾗῇ
285 2516 344 2585 29.
368 2523 436 2584 Lin.
456 2523 556 2582 XXX
571 2521 620 2598 19,
639 2522 678 2583 11
713 2520 795 2583 idem
823 2519 928 2582 consul
950 2517 1021 2596 [On.
1044 2516 1210 2598 Scantillae]
1225 2541 1256 2581 as

196 2628 264 2671 cum
283 2610 447 2677 Hannibale
468 2613 501 2670 in
524 2629 595 2692 agro
614 2609 803 2672 Crotoniensi
825 2611 888 2670 acie
911 2607 1052 2670 condixit.
1083 2607 1211 2668 obscura

195 2701 262 2762 eius
275 2718 392 2780 pugnae
406 2700 482 2760 lama
497 2707 550 2760 esi.
574 2699 709 2760 Valerius
722 2699 826 2759 datiae
838 2699 971 2776 quinque
986 2696 1065 2758 milia
1079 2696 1211 2756 hostium
1313 2719 1314 2722 ¹

196 2791 353 2864 cessauit.
382 2806 458 2868 quae
481 2796 563 2849 tanta
586 2805 635 2849 res
658 2798 714 2870 est,
737 2795 771 2848 ut
793 2792 844 2846 aut
866 2784 1057 2864 impudenter
1080 2785 1148 2846 licta
1172 2785 1212 2844 sit

196 2886 247 2939 aui
270 2877 463 2957 neglegenter
480 2879 698 2956 praetermissa.
726 2873 799 2935 ninii
818 2882 900 2934 certa
918 2873 997 2934 ultra
1015 2876 1061 2935 rei
1079 2876 1110 2934 in
1128 2871 1213 2934 ltalia
1239 2863 1242 2870 ’

134 2966 233 3048 202ab
255 2964 419 3027 Hannibale
441 2974 566 3046 gestum.
1225 2985 1257 3026 eo

133 3069 187 3138 gg}
288 3050 347 3120 30.
369 3055 437 3120 lin.
451 3057 552 3120 XXX
566 3055 661 3130 2θ,7
696 3051 830 3118 Valerius
848 3051 955 3115 ,Aruas
978 3054 1077 3131 primo
1097 3050 1212 3130 proelio

197 3148 312 3207 uictum
348 3162 417 3208 enm
450 3144 667 3223 [Hannibalem
698 3148 769 3206 mate
796 3143 948 3218 proelium
982 3139 1141 3218 amensa]
1175 3139 1213 3201 ab

199 3234 346 3314 Scipione,
361 3252 420 3313 quo
434 3233 593 3298 duedecim
608 3230 689 3294 milia
708 3238 890 3294 armatorum
907 3232 940 3292 in
958 3231 1021 3292 acie
1040 3231 1101 3290 siut
1118 3247 1213 3309 caesa,

198 3321 278 3384 mille
302 3332 333 3386 et
355 3324 537 3404 septingenti
560 3321 648 3402 capii,
666 3319 796 3400 legatum
815 3337 884 3382 cum
902 3317 967 3382 aiis
986 3318 1090 3380 decem
1108 3317 1213 3397 legalis

138 3444 188 3494 199
199 3411 290 3476 tradit
312 3415 343 3474 in
367 3420 465 3476 eastra
487 3410 523 3472 ad
548 3409 718 3488 Scipionem
741 3410 870 3474 uenisse.
1228 3428 1262 3469 es

136 3517 189 3584 ᾗ
289 3497 347 3565 31.
370 3503 439 3562 Lin.
453 3501 590 3564 XXXII
606 3499 628 3560 6
651 3497 762 3562 Consul
782 3496 830 3575 [P.
852 3497 956 3560 Villius
973 3493 1140 3576 Tappulam]
1159 3513 1215 3576 par

199 3591 367 3672 Charopem
389 3589 534 3669 Epiroten
557 3590 668 3652 certior
691 3588 800 3668 iaetus,
824 3603 899 3665 quos
923 3584 1016 3650 saltus
1039 3603 1107 3648 cum
1131 3603 1215 3646 exer·
