2670 4058
198 179 241 244 94
606 175 662 230 GN.
683 175 806 230 GELLII

288 321 409 388 stt
371 328 448 387 Plio.
464 326 522 386 III
531 325 595 385 108
618 323 798 402 Gelli[an]us
817 332 922 384 auctor
945 334 991 385 est
1014 324 1079 387 lacu
1099 325 1213 387 Fucino

196 416 337 477 haustum
355 414 521 475 Marsorum
544 413 686 492 oppidum
705 412 864 494 Archippe,
887 414 1041 475 conditum
1064 434 1080 474 a
1099 414 1213 495 Marsya

196 505 272 565 duce
296 503 454 583 Lydorum.

286 589 347 655 9*.
372 593 465 653 Solio.
479 592 509 668 2,
523 592 566 652 28
578 610 608 668 p
623 591 667 651 42
682 591 724 651 M.
744 589 795 651 Cn
811 589 923 652 Gellius
936 592 1045 652 Aeetae
1059 600 1122 653 tres
1136 592 1211 654 filias

196 681 277 762 dicit,
295 682 453 762 Angitiam,
475 639 617 761 Medeam,
642 679 762 761 Gircen3
786 679 894 742 Circen
912 678 1044 742 Circeios
1067 682 1240 744 insedisses

195 778 322 850 montes,
345 772 510 831 carminum
533 769 687 830 maleficiis
710 770 809 830 uarias
831 771 994 848 imaginum
1018 770 1109 831 facies
1133 790 1213 832 men·
1318 771 1323 800 ⁴

195 860 335 940 tientem3
354 859 502 938 Angitiam
520 860 620 920 uicina
634 857 747 919 Fucino
767 859 962 937 occupauisse
981 857 1083 938 ibique
1103 858 1213 920 salubri

196 949 320 1008 scientia
334 947 480 1010 aduersus
494 946 615 1009 morbos
634 948 834 1027 resistentem,
848 965 917 1008 cum
932 947 1063 1008 dedisset
1077 948 1212 1009 homines

197 1037 311 1117 uiuere,
326 1036 411 1097 deam
425 1035 570 1117 habitam3
587 1034 720 1096 Medeam
739 1034 776 1095 ab
791 1035 895 1096 iasone
909 1035 1048 1097 Buthroti
1067 1037 1212 1116 sepultam

195 1124 349 1205 liliumque
373 1127 438 1187 eius
461 1123 567 1186 Marsis
590 1126 762 1203 imperasse.
1125 1168 1131 1176 -
1168 1170 1172 1176 .
1225 1149 1250 1188 ιο

576 1284 632 1340 EX
656 1284 783 1340 LIBRO
807 1285 834 1338 11

286 1377 370 1446 10⁴⁶.
395 1383 483 1443 Seru.
502 1383 576 1444 Aeo.
598 1379 680 1441 VIII
696 1379 760 1442 638
797 1381 867 1442 Cato
898 1391 1006 1443 autem
1026 1379 1083 1458 [fr.
1104 1380 1158 1459 51]
1184 1389 1213 1442 et

194 1470 306 1532 Gellius
330 1490 345 1531 a
370 1469 447 1531 Sabo
471 1469 704 1532 Lacedaemonio
728 1469 847 1532 trahere
871 1489 923 1532 eos
944 1469 1099 1550 [Sabinos]
1125 1472 1212 1549 origi·

193 1578 263 1620 nem
286 1561 429 1622 referunt.

285 1650 342 1718 ll.
366 1657 491 1734 Dionys.
508 1657 597 1717 1131
622 1659 722 1717 Ταῦτα
737 1654 770 1718 δὲ
788 1655 928 1740 γενέσθαι
944 1655 1090 1734 [Sabinas
1104 1665 1211 1736 raptos

195 1754 272 1834 esse]
292 1751 369 1828 τινὲς
388 1749 442 1834 μὲν
460 1749 610 1836 γράφουσι
629 1750 703 1817 κατὰ
720 1749 772 1817 τὸν
790 1757 907 1835 πρῶτον
925 1747 1063 1815 ἕνιαντὸν
1081 1756 1132 1832 τῆς
1142 1746 1210 1812 Ῥω·
1225 1776 1252 1818 15

193 1847 288 1932 μύλου
311 1847 417 1934 ἀρχῆς,
439 1856 549 1927 Γναῖος
572 1851 604 1916 δὲ
627 1851 745 1926 Γέλλιος
768 1847 841 1914 κατὰ
867 1846 922 1914 τὸν
943 1849 1086 1932 τέταρτον.
1121 1845 1210 1912 ὃιιαλ

193 1953 304 2029 μᾶλλον
326 1944 418 2023 εἰκός·
455 1947 526 2012 νέον
552 1946 609 2033 γὰρ
637 1948 819 2030 οἰκιζομένης
846 1944 959 2024 πόλεως
986 1943 1118 2031 ἡγεμόνα
1140 1946 1211 2027 πρὶν

191 2040 212 2126 ἢ
240 2042 481 2128 καταστήσασθαι
506 2042 562 2128 aly
588 2049 735 2111 πολιτείαν
764 2049 839 2135 ἔργῳ
867 2043 1027 2134 τηλικούτῳ
1056 2045 1211 2128 ἐπιχειρεῖν

192 2140 249 2207 οιίκ
271 2138 328 2227 εἶχε
351 2140 449 2227 λόγον.

284 2236 342 2304 12.
370 2244 488 2304 Cltorls.
503 2244 525 2304 Ι
536 2262 566 2320 p.
581 2245 626 2303 54
644 2246 683 2306 II.
708 2244 851 2362 Gellius
843 2263 874 2304 m
893 2243 932 2306 ll:
956 2241 1081 2323 Deabus,
1104 2243 1210 2321 iuquit,
1226 2267 1253 2306 co

193 2330 407 2411 supplicans.
1322 2343 1323 2350 ’

284 2414 341 2482 13.
369 2422 488 2481 Charis
504 2422 524 2481 Ι
531 2440 561 2498 p
577 2422 622 2482 54
636 2424 675 2483 II.
700 2421 868 2484 Gellius-
831 2424 916 2482 -iu
932 2421 1036 2482 eodem
1053 2419 1119 2498 [M]:
1138 2418 1211 2480 Mul·
1322 2475 1323 2482 ,

193 2509 289 2571 titudo
317 2527 482 2589 puerorum
504 2512 563 2570 iam
586 2520 650 2572 erat
673 2530 709 2572 ex
732 2511 882 2592 raptabus.
909 2507 1066 2589 [Sabinis]

565 2663 620 2717 EX
642 2662 772 2719 LIBRO
795 2663 837 2719 III

284 2751 339 2821 14.
366 2758 483 2819 Oloris.
500 2758 521 2817 I
527 2776 558 2834 p
568 2759 613 2818 54
627 2760 666 2820 II.
686 2758 1008 2842 Gellius—intortio.
1024 2756 1126 2836 Capite
1141 2775 1210 2818 cum

192 2845 257 2907 aliis
280 2845 432 2926 paucabus
455 2847 621 2910 consilium
1224 2868 1252 2910 ss

283 2930 339 2996 lo.
366 2936 439 2997 Gell.
453 2935 545 2997 XIII
554 2937 597 2997 23
612 2929 748 3020 (22),13
774 2935 833 2996 Sed
851 2935 881 2996 id
901 2937 998 3014 perite
1011 2937 1105 3014 magis
1120 2953 1210 3015 quam

191 3025 304 3085 comice
328 3023 441 3085 dictum
464 3024 625 3106 intelleget,
648 3027 700 3105 qui
722 3025 801 3103 leget
819 3023 871 3086 Gn.
891 3023 977 3086 Gellii
995 3024 1132 3086 annalem
1150 3032 1209 3085 ter-

191 3115 275 3194 tium,
298 3114 330 3173 in
353 3131 412 3192 quo
432 3112 578 3175 scribtum
597 3121 651 3194 est,
670 3112 837 3196 Hersiliam,
856 3133 925 3176 cum
944 3114 1023 3193 apud
1042 3113 1075 3174 Τ.
1091 3112 1209 3174 Tatium

191 3200 284 3263 uerba
307 3202 418 3262 laceret
441 3220 605 3282 pacemque
628 3210 741 3284 oraret,
764 3205 805 3264 ita
832 3212 984 3281 precatam
1012 3220 1091 3264 esse:
1118 3201 1208 3262 Neria
1322 3251 1323 3256 ,

190 3289 302 3373 Martis,
321 3297 355 3351 te
379 3290 513 3373 obsecro,
536 3309 640 3370 pacem
664 3291 741 3374 dato,
765 3293 809 3353 uti
832 3291 920 3353 liceat
940 3293 1053 3371 nuptiis
1075 3291 1208 3369 propriis
1223 3313 1252 3354 so

191 3386 222 3440 et
239 3381 394 3459 prosperis
413 3381 467 3461 uti,
490 3380 571 3460 quod
590 3380 627 3442 de
645 3383 691 3442 tui
710 3382 845 3460 coniugis
864 3379 988 3442 oonsilio
1007 3381 1142 3460 contigit,
1161 3380 1209 3439 uti

97 3489 99 3494 ·
190 3485 245 3528 nos
272 3468 376 3530 itidem
404 3470 535 3548 integras
562 3478 716 3552 raperent,
743 3469 822 3531 unde
850 3467 961 3530 liberos
989 3466 1046 3528 sibi
1074 3476 1104 3528 et
1134 3469 1208 3550 suis,

190 3564 327 3635 posteros
350 3559 462 3636 patriae
484 3567 633 3635 pararent.

1319 3817 1323 4010 i
