2670 4058
926 2 1309 11 —————·-———-.-—

307 241 410 300 GALP.
426 241 573 299 ausoniis
593 242 692 300 Tuan.
729 243 865 300 maon.
887 251 964 300 1-4,
1100 244 1140 318 77

94 394 127 462 2.
149 396 250 456 SoItoI.
265 395 338 458 Boo.
353 397 385 455 ἐν
400 411 445 455 or.
460 413 520 470 pro
534 395 648 458 Flacco
661 393 705 453 to
720 413 752 470 p.
766 393 831 455 233
850 395 901 458 Or.
933 393 1043 456 Verum
1062 394 1141 475 quod

126 484 164 546 ad
179 483 320 548 Pisonem
334 484 494 564 pertineat,
513 481 636 562 plurimi
650 482 771 562 quidonn
789 502 827 544 cx
841 483 895 546 hac
911 483 1019 546 familia
1034 502 1142 564 cogno·

126 583 263 636 mentum
278 572 455 652 frugalitatis
469 571 650 652 habuerunt,
670 569 722 633 sod
738 574 818 634 enim
832 575 948 651 primus
961 572 1018 634 hoo
1033 576 1143 636 meruit

126 662 160 724 L.
183 660 269 742 Piso,
297 665 348 742 qui
376 660 472 742 legem
499 661 540 722 de·
565 662 701 740 pecuniis
728 661 903 742 repetundis
926 661 1009 743 tulit,
1033 671 1063 724 ct
1087 663 1143 724 suit

127 750 159 813 C.
184 750 318 812 Graccho
342 750 476 830 capitalis
494 752 643 814 inimicus.
1157 763 1170 806 ο

93 840 127 907 3.
155 842 253 902 Cicer.
269 841 354 902 Brut.
369 841 423 916 27,
438 839 506 900 106
537 839 571 901 L.
589 841 669 900 onim
687 837 757 899 Piso
775 839 915 902 tribunus
933 838 1030 919 piebis
1049 840 1143 920 legam

127 931 245 1010 primus
269 929 306 990 de
329 931 466 1009 pecuniis
489 929 664 1008 repetundis
687 925 850 989 Censorino
878 936 908 989 ot
933 927 1052 990 Manilio
1076 949 1144 991 con-

129 1018 247 1080 sulibus
270 1018 339 1079 tulit
365 1011 446 1102 (ipsc
470 1020 559 1080 ctiam
582 1018 652 1078 Piso
675 1023 706 1077 at
723 1035 829 1082 causas
847 1020 908 1098 egit
932 1025 962 1078 ct
983 1013 1144 1080 muitarum

129 1107 229 1187 legum
257 1116 309 1169 aut
337 1116 441 1169 auctor
467 1115 519 1169 aut
546 1107 700 1168 dissuasor
726 1106 795 1188 fuit3
828 1109 914 1187 isquo
942 1113 973 1167 ct
995 1110 1144 1170 orationes

129 1195 265 1278 reliquit,
296 1215 372 1276 quac
402 1199 460 1258 iarn
490 1203 692 1276 ouannorunt,
722 1205 752 1258 ct
781 1195 901 1258 annales
929 1213 999 1258 sane
1028 1196 1145 1272 pariliter
1159 1211 1185 1252 ιο

131 1281 284 1368 scriptos).
303 1285 343 1362 cs.
359 1287 435 1350 Pict.
450 1290 500 1348 lot.
516 1305 586 1348 oon.
601 1292 665 1347 test.
678 1286 706 1346 1.
726 1284 811 1361 infra
821 1284 865 1363 [ν.
879 1285 908 1348 8.
922 1285 976 1346 27.
996 1285 1147 1348 Diocli

151 1377 214 1437 Cot.
230 1383 294 1438 test.
309 1376 353 1458 1),
784 1401 787 1408 ·

95 1369 218 1530 4.(ut'd.
234 1464 277 1541 fr.
295 1465 324 1542 3.
344 1463 384 1540 cs.
397 1463 473 1542 sr.1
492 1471 522 1526 et
543 1466 614 1526 Geli.
635 1464 688 1523 XI
702 1464 763 1540 1,1
786 1463 925 1526 Timaeus
948 1466 980 1526 in
1003 1464 1146 1544 historiis,

132 1572 208 1634 quas
231 1555 365 1615 oratione
390 1551 500 1615 Graeca
525 1553 560 1614 dc
585 1552 676 1614 rebus
694 1551 797 1632 popuii
819 1552 946 1638 Romani
969 1555 1146 1635 composuit,

131 1651 162 1704 ct
185 1641 223 1702 Μ.
247 1641 339 1704 Varro
368 1643 398 1703 in
426 1641 652 1723 antiquitatibus
681 1659 781 1704 rerum
809 1641 1006 1704 humanarum
1036 1651 1147 1704 terram
1162 1656 1187 1699 ιο

131 1729 247 1792 Italiam
262 1731 299 1792 de
318 1731 431 1792 Graeco
445 1729 591 1793 uocabulo
606 1730 781 1812 appellatam
797 1734 991 1813 scripserunt,
1008 1733 1148 1812 quoniam

131 1819 227 1882 boues
251 1820 362 1882 Graeca
385 1829 489 1881 uetere
512 1819 612 1899 lingua
636 1817 729 1883 troici
751 1821 875 1881 uocitati
898 1823 967 1882 sint.
986 1855 1031 1864 -
1046 1820 1089 1897 fr.
1104 1821 1148 1881 10

132 1909 165 1970 L
189 1909 271 1990 Piso,
295 1911 395 1990 grauis
418 1901 530 1971 auctor.

98 1995 133 2064 ὅ.
158 2001 282 2076 naam.
300 2000 335 2060 L.
356 1997 475 2060 Pisonis
494 2002 526 2059 in
541 2000 618 2063 Ptin.
633 2017 661 2060 o.
676 2001 704 2060 t.
723 2001 889 2059 secondum
908 2001 1040 2060 indicem
1055 2003 1150 2059 latent

134 2091 169 2150 in
185 2091 256 2150 tior.
269 2089 345 2149 XII.
366 2085 453 2148 XIV.
472 2087 594 2148 XXIX
614 2087 765 2149 XXXVI
1163 2104 1190 2144 so

286 2236 289 2243 ’
375 2231 378 2236 ’
420 2239 650 2298 FRAGMENTA
668 2239 863 2296 ANNALIVM

529 2327 583 2384 EX
602 2328 730 2385 LIBRO
751 2332 764 2386 I

229 2421 283 2487 l*.
315 2425 404 2488 Vurr.
419 2426 447 2487 d.
464 2446 490 2486 r.
510 2432 584 2488 rust.
601 2427 640 2486 II
650 2425 713 2499 ta
736 2423 869 2506 lienique
893 2424 974 2487 Italia
998 2444 1013 2486 a
1038 2425 1151 2505 uituiis,

136 2524 171 2575 ut
195 2512 299 2575 scribit
322 2513 399 2575 Piso.
498 2541 500 2548 ⁴

228 2598 287 2665 2²2.
309 2603 407 2666 Schol.
417 2603 524 2666 Veron.
534 2603 670 2679 odVerp.
682 2605 754 2668 Aen.
766 2605 805 2665 II
812 2603 877 2664 717
884 2623 914 2683 p.
921 2601 963 2664 92
972 2603 1010 2664 K.
1025 2602 1152 2664 Additur

138 2694 227 2752 ctiam
256 2709 280 2752 a.
308 2692 340 2752 L.
365 2691 467 2753 Cassio
497 2691 554 2769 [fr.
579 2691 613 2771 5]
639 2700 669 2754 et
696 2695 806 2755 Pt'sone
828 2691 985 2773 Censorio,
1002 2691 1151 2764 ,miraculo

138 2783 233 2860 tnagis
247 2782 366 2842 Aenean
386 2783 481 2862 patris
502 2777 665 2858 ‘dipns‘tote
682 2777 877 2844 sanctiorcm’
892 2784 970 2842 inter
988 2780 1089 2841 hostes
1108 2782 1152 2841 in·
1166 2798 1193 2842 as

138 2875 251 2930 tactam
283 2872 495 2949 proporanissc
526 2872 738 2951 concessisque
766 2873 795 2931 ei
824 2870 953 2932 nauibus
980 2872 1012 2930 in
1040 2868 1154 2931 ltaliam

138 2961 303 3038 nauigasso.
518 2993 520 3002 ,

229 3051 290 3120 8²⁸⁶
314 3059 404 3120 Dion.
420 3058 497 3120 179
519 3056 594 3138 Περὶ
614 3055 647 3119 δὲ
669 3061 729 3118 τῶν
752 3055 784 3118 ἐκ
806 3061 858 3136 τῆς
878 3051 966 3132 Ἰλίας
985 3054 1154 3140 γενομένων

140 3150 268 3229 Κόιντος
293 3151 350 3233 μὲν
378 3150 493 3236 Φάβιος
520 3149 537 3218 ὁ
567 3157 686 3235 Πίκτωρ
714 3148 883 3236 λεγόμενος,
916 3144 941 3240 ᾧ
969 3149 1098 3228 Λεύκιός
1125 3175 1154 3215 τε

141 3255 264 3334 Κίγννος
292 3251 342 3316 καὶ
360 3247 477 3314 Κάτων·
497 3247 629 3334 Πόρκιος
655 3251 706 3314 καὶ
732 3254 852 3314 Πείσων
874 3247 1083 3333 Καλπούρνιος
1104 3250 1155 3313 καὶ
1168 3274 1195 3316 ao

141 3354 201 3413 νῦν
223 3344 321 3412 ἄλλων
345 3348 541 3434 οωγγραφέων
569 3351 600 3413 οἱ
619 3351 740 3425 πλείους
762 3345 985 3431 ἠκολούθησαν,
1007 3347 1155 3431 γέγραφεν

142 3475 185 3500 =
200 3449 274 3512 rao.
293 3450 370 3511 Pici.
387 3467 436 3524 pr.
453 3447 495 3523 fr.
510 3446 549 3522 ῦὸ
564 3467 595 3526 p.
610 3449 639 3510 9.

231 3539 293 3608 4²¹².
317 3547 540 3608 Scruooideo.
552 3547 664 3607 11761
682 3547 782 3608 Primo
801 3555 901 3608 autam
916 3544 1061 3624 [asylum]
1078 3546 1155 3626 apud

141 3633 341 3699 Athenienses
364 3642 508 3699 statutum
532 3643 578 3700 est
601 3636 638 3698 ab
660 3634 798 3698 Herculis
823 3635 901 3722 tiliis,
920 3653 997 3715 quos
1018 3637 1155 3715 insequa-
