2620 4054
258 215 504 270 FRAGM.4-10.
540 215 577 268 tt.
598 213 721 270 cnvvn
739 215 827 269 eri
864 215 964 271 TEST.
982 223 1005 270 1.
1073 217 1138 282 311

122 365 203 425 sient
221 365 252 424 in
266 363 358 425 rebus
372 367 437 425 eius
452 367 654 445 exposuimus
672 366 766 443 pratis
784 363 916 446 oleisque
935 365 1141 428 intercedente

123 452 243 533 publiea
267 455 315 513 uia
338 456 369 514 in
392 455 556 514 contrarias
583 453 663 515 sedis
691 457 885 532 transgressis
912 456 944 516 in
971 473 1042 535 agro
1065 454 1140 518 llor-

123 545 239 623 ruoino,
258 542 387 620 praediis
406 541 490 603 Veoti
508 541 641 604 Marcelli
664 543 774 623 equitis
796 541 922 605 Romani
944 562 993 606 res
1012 544 1140 612 Neronis

124 633 323 712 procurantis.
693 688 698 692 .

213 715 273 782 9³¹⁵.
300 720 393 782 Tacit.
421 723 488 782 lu'st.
512 720 632 782 11127
675 720 841 782 lacesseret
874 725 1023 784 cunetatio
1057 721 1140 802 [oum
1149 720 1204 800 2⁹„

123 812 271 871 Flauiani
292 818 398 870 costra
416 812 545 871 hostium
568 810 737 870 Cremonae.
751 813 848 870 murts
866 813 1066 873 circumiecta
1085 815 1139 874 αδ·
1150 809 1202 860 822

121 896 352 978 mederentur}
375 900 407 958 ni
430 898 521 959 duces
545 898 623 958 fesso
642 897 730 958 militi
754 907 784 957 et
803 897 886 958 uelut
908 900 1013 960 inritas
1037 899 1141 962 cohor-

123 989 252 1048 tationes
275 986 418 1048 abnuenti
441 985 617 1048 Cremouam
640 995 864 1048 monstrassent.
905 981 976 1070 (28)
998 987 1140 1054 Hormine

123 1076 154 1135 id
178 1078 344 1157 ingenium,
375 1085 409 1137 nt
431 1073 567 1136 Messalla
590 1074 692 1158 tradit,
723 1094 760 1136 an
787 1078 887 1154 potior
914 1085 1019 1137 auctor
1047 1079 1086 1136 sit
1109 1075 1141 1138 C.

124 1163 251 1246 Plinius,
285 1166 337 1244 qni
364 1165 526 1226 Antonium
553 1166 684 1246 incusat,
715 1165 795 1225 haud
823 1164 908 1226 facile
936 1164 1141 1250 disoreuerim,
1155 1190 1183 1230 ιο

124 1255 183 1314 nisi
206 1253 285 1334 qnod
310 1272 407 1333 neque
430 1255 577 1315 Antonius
605 1272 702 1333 neque
726 1253 855 1314 Hormos
879 1273 896 1316 a
920 1255 995 1315 lama
1019 1257 1142 1334 uitaque

125 1361 178 1404 sua
202 1345 340 1422 quamuis
362 1346 493 1421 pessimo
517 1342 628 1422 flagitio
653 1342 882 1422 degenerauere.

215 1426 313 1514 (10³⁸.
338 1433 443 1494 Malal.
466 1433 529 1493 VII
538 1451 568 1510 p.
584 1433 652 1492 177
665 1449 708 1508 sq.
724 1433 814 1493 Diod.
835 1427 888 1494 Ἐν
906 1430 939 1494 δὲ
956 1437 991 1516 τῇ
1010 1433 1143 1516 βασιλείᾳ

1 1529 10 1545 ’
124 1532 177 1590 τοῦ
200 1524 292 1592 αὐτοῦ
309 1523 423 1609 Ῥῶμον
447 1523 463 1592 ὃ
481 1525 601 1608 στρατὸς
619 1525 710 1592 αάτοῐ
732 1529 844 1612 ἐγένετο
858 1525 951 1605 πολδς
965 1529 1142 1608 ἐπείσακτος,

124 1625 175 1688 καὶ
200 1629 317 1706 πλῆθος
343 1618 383 1708 ἦν
409 1625 442 1689 έν
469 1632 503 1710 τῇ
526 1622 625 1711 Ῥῶμη
652 1631 712 1689 τῶν
740 1622 851 1708 άγρίοον
879 1624 1067 1709 ἀνθρώπων,
1091 1625 1141 1689 καλ
1156 1642 1182 1683 15

123 1719 181 1786 οὐκ
208 1713 286 1803 ἦσαν
312 1719 387 1805 πρὸς
418 1720 452 1788 τά
484 1721 586 1805 πλήθη
609 1729 669 1787 τῶν
696 1721 816 1806 άνδρῶν
842 1733 988 1808 γυναῖκες.
1019 1760 1061 1771 -
1092 1725 1142 1788 καλ

122 1815 237 1900 ἠθύμει
260 1815 420 1902 δῬῶμυς,
443 1817 605 1902 άμηχανῶν
632 1823 662 1883 τί
686 1818 802 1902 πράξει’
834 1856 871 1866 -
902 1823 951 1884 καὶ
975 1818 1143 1904 έξεφῶνησε

124 1914 220 1999 νόμον
244 1913 315 1980 ῶστε
338 1915 500 1999 λαμβάνειν
523 1914 593 1994 τοὺς
615 1915 788 1999 στρατιώτας
814 1915 889 2002 πρὸς
910 1914 1008 2003 γάμον
1030 1919 1143 2000 παρθέ·

124 2040 212 2094 νους,
235 2011 272 2090 lig
295 2012 412 2079 ἐκάλεσε
428 2017 587 2098 Βρυτίδας·
610 2014 660 2078 καὶ
683 2010 781 2090 οὐδεὶς
804 2017 893 2080 είλετο
912 2018 1019 2080 δοῦναι
1042 2013 1143 2094 αὐτοῖς

124 2109 179 2192 τὴν
202 2115 282 2176 ἰδίαν
304 2113 463 2197 θυγατέρα.
478 2147 520 2158 ·-
540 2113 591 2176 καλ
613 2110 742 2194 άθυμῶν
764 2105 781 2177 δ
801 2109 914 2194 Ῥῶμος
940 2109 1077 2195 ἀπῆλθεν
1101 2115 1142 2190 είς
1155 2133 1184 2173 ao

119 2207 157 2275 ,τὸ
183 2218 333 2292 μαντεῖον·
361 2213 411 2274 καί
434 2209 528 2292 ἐδόθη
552 2207 632 2297 αὐτῷ
654 2207 782 2292 χρησμὸς
805 2208 877 2274 ῶστε
899 2211 1058 2276 ἐπιτελέσαι
1079 2219 1143 2288 ταῖς

125 2309 243 2391 γυναιξὶ
266 2307 344 2372 θέαν
362 2311 496 2389 ἱππικοῦ,
519 2311 570 2372 ἵνα
588 2304 731 2391 άγάγηται
750 2307 844 2395 tanat
864 2303 882 2371 δ
900 2303 1019 2390 στρατὸς
1041 2316 1143 2390 γυναῑ·

125 2430 188 2481 νας.
214 2405 268 2488 [-
285 2413 424 2485 sequt'tur
441 2412 585 2470 narratio
604 2415 720 2484 raptus.
739 2404 792 2482 -]
811 2410 895 2468 τοῦτο
916 2403 948 2467 δέ
966 2403 1041 2485 πρὸς
1063 2404 1143 2484 ἅπαξ

126 2504 264 2585 ἐποίησεν
291 2501 308 2569 δ
331 2501 441 2586 Ῥῶμος
468 2504 621 2589 γενέσθαι,
651 2499 755 2577 καθῶς
784 2498 800 2566 ὁ
829 2499 999 2581 σοφῶτατος
1025 2506 1142 2588 Βεργίλ·

125 2609 187 2677 λιος
211 2601 325 2678 ἐξέθετο
345 2601 432 2681 [Aeo.
459 2606 541 2665 VIII
553 2604 617 2666 635
630 2600 702 2681 sq.]'
726 2595 865 2675 ὡσαύτως
889 2599 993 2662 δὲκαὶ
1016 2606 1140 2679 Πλίνιος
1153 2618 1181 2659 25

125 2695 141 2765 δ
154 2696 307 2781 Ῥωμαίων
320 2695 548 2784 ἱστοριογράφος
564 2695 781 2782 συνεγράψατο,
797 2693 905 2779 ὁμοίως
924 2697 956 2760 δὲ
970 2698 1020 2760 καὶ
1034 2703 1144 2784 Λίβιος

126 2797 164 2876 [Ι
178 2791 226 2882 9],
246 2797 337 2878 ἕτεροι
357 2797 388 2860 δέ
402 2797 543 2879 ἱστορικοὶ
561 2792 786 2880 συνεγράψαντο
804 2800 923 2876 πρῶτον
943 2793 1143 2878 ἱπποδρόμιον

125 2894 284 2958 ἐπιτελέσαι
307 2891 409 2970 αὐτοῖς
431 2891 483 2960 τὸν
501 2891 614 2976 Ῥῶμον
637 2896 678 2968 είς
701 2885 898 2975 βοάρδωνας.)

367 3063 437 3216 ιο.
471 3128 687 3230 curvus
719 3128 887 3216 ornus

523 3286 750 3344 TESTIMONIA

92 3387 128 3457 1.
153 3402 269 3478 κουροι.
280 3401 519 3478 antiquetur
527 3401 555 3481 1,
564 3402 605 3461 13
621 3400 663 3479 [ο.
678 3400 727 3460 41.
746 3399 826 3478 τοι]
845 3399 1086 3482 >sternentem
1105 3402 1145 3482 οη

126 3502 178 3578 τῆς
200 3493 337 3577 πληθάος
359 3497 479 3561 καὶτοῦ
498 3496 629 3578 Χαιρέου
649 3493 705 3559 σὺν
728 3503 788 3570 τοῖς
806 3493 966 3578 χιλιάρχαις
989 3490 1045 3562 οὐκ
1063 3494 1144 3560 άπα-
1157 3522 1186 3563 eo

126 3602 184 3657 θεν
206 3601 259 3659 τοῦ
287 3598 381 3660 Γαΐου
408 3630 446 3642 -
475 3592 632 3671 Ουατίνιός
659 3619 702 3670 τις
734 3597 793 3654 τῶν
821 3598 1035 3674 συγκλητικῶν,
1066 3590 1145 3674 άνὴρ
