2638 4056
195 210 263 276 234
483 208 523 264 Μ.
540 207 719 265 uenenrn
736 207 924 264 VARRONIS

195 357 338 424 caelicola
353 359 491 422 nouicius
509 360 690 438 impetrauit.
708 359 781 437 quin
800 359 891 421 etiem
903 357 1046 436 templum
1061 360 1126 421 eius
1145 377 1212 424 esse

194 453 278 512 ciunt
301 450 333 511 in
351 447 448 510 insuia
466 447 634 528 Diomeden,
657 465 717 510 non
735 447 822 525 lenge
841 465 858 508 1
876 455 978 510 monte
996 447 1140 528 Gargano,
1160 450 1212 526 qni

194 546 241 600 est
258 541 290 598 in
308 536 423 617 Aninio,
442 545 473 598 et
490 536 547 598 boe
565 536 710 616 templum
728 535 946 600 circumuolare
969 543 1058 622 atque
1080 537 1211 605 11111111

194 628 247 690 bas
271 626 358 690 antee
384 634 444 688 tam
472 624 602 688 mirabili
629 625 785 704 obsequio,
812 632 848 689 nt
874 643 981 704 sonam
1008 625 1153 704 impieant
1179 633 1211 688 et

169 723 365 796 aspergant3
388 724 419 775 et
441 733 477 776 eo
500 717 527 776 si
545 713 651 776 Graeci
674 716 814 776 uenerint
836 713 886 774 uel
909 713 1091 782 Graecorum
1114 717 1238 794 stirpe⁵

193 805 340 885 prognati,
354 822 415 866 uon
429 803 525 866 solum
545 805 660 884 qutietas
675 821 750 884 esse,
764 821 871 866 uerum
890 812 920 864 et
937 804 1062 883 insuper
1080 804 1209 884 adulare,

192 897 221 955 si
243 902 343 956 autem
366 892 545 973 alienigenas
569 893 716 973 uiderint,
734 891 893 956 subucbtre
911 892 948 954 ad
967 895 1065 972 capita
1090 900 1210 972 1111111

191 982 338 1063 grauibus
354 981 478 1061 ictibus,
498 990 532 1044 ut
550 984 640 1044 etiam
657 983 821 1061 periment,
835 979 1004 1046 uulnerare.
1037 999 1107 1048 nem
1124 981 1209 1047 duris
1305 1045 1306 1048 ,

192 1080 225 1133 et
246 1069 409 1152 grantiihus
432 1073 538 1132 rostris
561 1071 597 1132 ed
620 1071 695 1134 haee
717 1069 831 1149 proelia
851 1069 1048 1148 perhibentur
1070 1078 1208 1136 armatae.

193 1159 256 1223 Hoc
275 1160 367 1222 Varro
391 1168 425 1221 ut
447 1167 569 1240 astruat,
593 1167 804 1224 commemorat
826 1158 883 1220 alia
906 1177 969 1226 non
988 1163 1088 1224 minus
1111 1162 1250 1226 inere-1⁰

192 1250 294 1310 dibitia
318 1250 355 1310 de
378 1248 428 1308 1111
446 1267 531 1328 maga
549 1249 747 1312 famosissima·
764 1249 857 1327 Circe,
877 1267 953 1328 nuce
972 1251 1069 1312 socios
1089 1267 1209 1328 quoque

193 1338 285 1402 Vlixis
308 1339 437 1401 mutauit
460 1340 490 1401 in
513 1337 639 1418 bestias,
658 1349 687 1398 et
706 1338 743 1399 de
762 1337 937 1419 Arcadibus,
955 1341 1008 1419 qui
1026 1346 1107 1402 sorte
1126 1339 1210 1399 ducti

192 1425 416 1490 transnatabant
444 1427 591 1506 quoddam
619 1434 756 1504 stagnum
778 1435 867 1506 atque
890 1425 933 1490 ibi
955 1425 1209 1492 conuertebantur

117 1521 121 1530 ¹
191 1519 224 1578 in
246 1517 333 1596 lupos
357 1523 478 1576 etcum
502 1514 648 1576 similibus
667 1516 739 1578 ieris
762 1534 816 1596 per
834 1515 913 1579 illius
936 1518 1067 1594 regionis
1090 1516 1209 1580 deserte

193 1605 344 1667 uiuebent.
375 1606 401 1665 si
419 1611 518 1666 autem
538 1622 626 1666 earne
646 1623 706 1666 non
725 1612 921 1670 ueseerentnr
944 1605 1080 1684 humana,
1100 1621 1207 1669 rursus
1222 1618 1251 1660 1⁶

191 1701 260 1773 post
279 1711 388 1754 nouem
403 1710 496 1754 annos
515 1692 619 1754 eodem
638 1701 774 1756 renatato
794 1701 898 1772 stagno
917 1693 1155 1756 reformabantur
1176 1696 1208 1756 in

191 1783 336 1844 homines.
382 1782 512 1861 denique
544 1783 632 1844 etiam
665 1785 839 1848 nominatim
875 1785 1023 1862 expressit
1060 1783 1208 1862 quendam

191 1871 416 1951 Demaenetum,
436 1889 506 1932 cum
519 1878 667 1950 gustasset
681 1871 718 1936 de
738 1871 896 1954 sacrificio,
916 1871 995 1954 quod
1010 1871 1207 1936 1111111111-

190 1959 300 2022 moleto
324 1978 417 2040 puero
441 1960 497 2022 deo
517 1977 571 2021 suo
589 1958 703 2040 Lycaeo
727 1961 824 2022 iacere
844 1960 983 2041 solerent,
1003 1969 1034 2022 et
1053 1963 1085 2025 in
1102 1961 1208 2042 lupum

191 2051 284 2112 tuisse
307 2056 454 2114 mutatum
477 2056 508 2108 et
526 2067 602 2111 anno
622 2049 737 2111 decium
756 2051 788 2112 in
806 2049 932 2126 figuram
950 2052 1102 2130 propriant
1120 2051 1206 2113 resti-
1221 2063 1250 2104 2⁰

190 2145 290 2199 tutum
308 2136 474 2217 pugilatum
493 2155 559 2198 sese
579 2139 749 2199 exercuisse
769 2145 799 2198 et
818 2137 989 2219 Olympiaco
1014 2141 1124 2220 uicisse
1142 2157 1206 2202 eer-

190 2229 309 2288 tamine.
346 2243 401 2287 neo
429 2225 509 2287 idem
536 2233 659 2306 propter
687 2225 766 2290 aliud
796 2227 958 2289 arbitratur
985 2228 1146 2288 historicus
1174 2228 1207 2286 in

190 2315 316 2376 Arcadia
338 2314 397 2375 tale
420 2333 528 2377 nomen
552 2316 692 2377 adfictum
716 2315 789 2378 Pani
808 2314 923 2398 Lycaeo
947 2324 977 2376 et
999 2314 1063 2376 leui
1082 2314 1205 2395 Lycaeo,

190 2405 249 2464 nisi
277 2410 399 2482 propter
426 2402 503 2464 hanc
531 2406 562 2464 in
589 2403 676 2483 lupos
708 2403 862 2464 bominum
890 2405 1097 2482 mutationem,
1126 2403 1206 2483 qued

190 2509 256 2552 eam
278 2493 336 2552 nisi
359 2494 391 2551 ui
414 2491 514 2554 diuina
537 2493 603 2552 fieri
626 2511 685 2554 non
708 2499 857 2570 putarent.
880 2491 969 2570 lupus
993 2492 1073 2554 enim
1092 2490 1204 2560 Graece
1219 2505 1247 2546 2⁵

189 2575 277 2654 λύκος
301 2581 423 2659 dicitnr,
446 2581 526 2642 unde
550 2581 656 2660 Lycaei
679 2596 787 2640 nomeu
811 2586 933 2659 apparet
960 2579 1110 2642 inflexum.
1147 2580 1204 2640 Ro-

189 2687 293 2732 manos
312 2671 391 2730 enim
410 2669 547 2750 lupercos
567 2687 603 2728 ex
621 2668 739 2729 illorum
754 2669 963 2748 mysteriorum
977 2668 1073 2730 ueluti
1091 2672 1204 2733 semine

189 2757 263 2822 dicit
286 2765 414 2821 exortos.
1251 2767 1255 2774 '

280 2877 449 2944 lenem.
474 2885 506 2942 iat
532 2879 886 2956 Verq.Aett.V11657
922 2882 1088 2944 Auentinus
1116 2899 1202 2944 mons
1305 2955 1306 2970 χ

188 2970 273 3032 urbis
292 2971 402 3032 Romae
421 2981 480 3049 est,
500 2987 588 3049 quem
608 2975 724 3032 constat
742 2969 782 3030 ab
798 2969 905 3034 auibus
924 2989 990 3032 esse
1010 2974 1202 3052 nominatum,
1217 2985 1244 3026 ³⁰
1305 3029 1306 3054 ,

188 3077 265 3140 quae
284 3060 320 3122 de
334 3057 438 3120 Tiberi
455 3057 652 3120 emendentes
668 3057 729 3122 illie
748 3058 899 3122 sedebant.
915 3093 956 3108 -
972 3059 1098 3131 Quidam
1113 3062 1202 3124 etiam
1305 3087 1306 3138 f

188 3167 242 3210 rex
264 3147 460 3225 Aboriginum
482 3147 647 3210 Auentinus
670 3149 790 3212 nomiue
817 3148 878 3212 illic
906 3156 937 3212 et
964 3151 1081 3214 occisus
1105 3158 1202 3211 etse

187 3236 289 3318 pultus
313 3243 367 3316 est,
391 3237 470 3298 sieut
487 3238 577 3298 etiam
594 3235 775 3300 Albanorum
798 3237 1115 3318 renuntiaretur
1136 3256 1202 3300 sue·

186 3326 279 3386 cessit
297 3324 416 3386 Procas.
452 3324 545 3388 Varro
563 3332 662 3388 tamen
685 3327 759 3388 dicit
781 3327 813 3390 in
836 3333 924 3404 geute
951 3325 1055 3406 populi
1077 3326 1203 3392 noman

188 3412 315 3476 Sabinos
329 3433 345 3476 1
360 3413 484 3478 Romulo
504 3423 659 3496 susceptos
678 3417 770 3478 istum
788 3417 939 3493 accepisse
958 3423 1098 3496 montem,
1113 3434 1201 3496 quern
1215 3428 1242 3470 ³⁵

187 3501 224 3562 ab
243 3502 359 3565 Auente
377 3502 470 3566 fluuio
488 3507 661 3584 prouinciae
680 3523 751 3570 suae
769 3503 996 3584 appellauerunt
1010 3504 1201 3570 Auentinum.

186 3600 304 3653 constat
326 3610 397 3671 ergo
420 3593 474 3654 has
498 3597 596 3656 uarias
619 3597 774 3674 opiniones
797 3601 900 3670 postea
929 3602 1056 3656 secutas.
1093 3613 1161 3658 nem
1184 3614 1200 3656 1
1305 3667 1306 3686 χ
