<?xml version="1.0" encoding="UTF-8"?>
<!DOCTYPE html PUBLIC "-//W3C//DTD XHTML 1.0 Transitional//EN"
    "http://www.w3.org/TR/xhtml1/DTD/xhtml1-transitional.dtd">
<html xmlns="http://www.w3.org/1999/xhtml" xml:lang="en" lang="en">
 <head>
  <title>
</title>
<meta http-equiv="Content-Type" content="text/html;charset=utf-8" />
  <meta name='ocr-system' content='tesseract 3.04.00' />
  <meta name='ocr-capabilities' content='ocr_page ocr_carea ocr_par ocr_line ocrx_word'/>
</head>
<body>
  <div class='ocr_page' id='page_1' title='image "./historicorumrom02petegoog_0170.png"; bbox 0 0 2670 4058; ppageno 0'>
   <div class='ocr_carea' id='block_1_1' title="bbox 470 207 1159 275">
    <p class='ocr_par' dir='ltr' id='par_1_1' title="bbox 470 207 1159 275">
     <span class='ocr_line' id='line_1_1' title="bbox 470 207 1159 275; baseline 0.003 -13"><span class='ocrx_word' id='word_1_1' title='bbox 470 207 699 263; x_wconf 79' lang='lat' dir='ltr'>FRAGMENTA</span> <span class='ocrx_word' id='word_1_2' title='bbox 719 215 831 265; x_wconf 79' lang='lat'><strong>16-34.</strong></span> <span class='ocrx_word' id='word_1_3' title='bbox 1098 213 1159 275; x_wconf 87' lang='lat'>141</span> 
     </span>
    </p>
   </div>
   <div class='ocr_carea' id='block_1_2' title="bbox 144 351 1160 618">
    <p class='ocr_par' dir='ltr' id='par_1_2' title="bbox 144 351 1160 618">
     <span class='ocr_line' id='line_1_2' title="bbox 234 351 1160 432; baseline 0.006 -17"><span class='ocrx_word' id='word_1_4' title='bbox 234 368 407 416; x_wconf 81' lang='lat' dir='ltr'>rncnnrau</span> <span class='ocrx_word' id='word_1_5' title='bbox 430 369 531 418; x_wconf 80' lang='lat' dir='ltr'>sunrs</span> <span class='ocrx_word' id='word_1_6' title='bbox 555 351 611 418; x_wconf 89' lang='grc'>23.</span> <span class='ocrx_word' id='word_1_7' title='bbox 637 358 710 418; x_wconf 78' lang='lat' dir='ltr'>Geli.</span> <span class='ocrx_word' id='word_1_8' title='bbox 725 359 762 417; x_wconf 90' lang='lat' dir='ltr'><em>X</em></span> <span class='ocrx_word' id='word_1_9' title='bbox 766 358 828 418; x_wconf 87' lang='lat' dir='ltr'>VII</span> <span class='ocrx_word' id='word_1_10' title='bbox 842 358 911 432; x_wconf 83' lang='lat'>2‚5</span> <span class='ocrx_word' id='word_1_11' title='bbox 948 357 1044 420; x_wconf 88' lang='lat' dir='ltr'>Verba</span> <span class='ocrx_word' id='word_1_12' title='bbox 1067 378 1103 420; x_wconf 82' lang='lat' dir='ltr'>ex</span> <span class='ocrx_word' id='word_1_13' title='bbox 1127 359 1160 430; x_wconf 84' lang='grc' dir='ltr'><strong>Ο.</strong></span> 
     </span>
     <span class='ocr_line' id='line_1_3' title="bbox 144 443 1160 527; baseline 0.004 -23"><span class='ocrx_word' id='word_1_14' title='bbox 144 443 249 504; x_wconf 80' lang='lat' dir='ltr'>Claudi</span> <span class='ocrx_word' id='word_1_15' title='bbox 272 446 368 523; x_wconf 87' lang='lat' dir='ltr'>prime</span> <span class='ocrx_word' id='word_1_16' title='bbox 392 445 503 506; x_wconf 87' lang='lat' dir='ltr'>anuali:</span> <span class='ocrx_word' id='word_1_17' title='bbox 519 479 560 488; x_wconf 95' lang='lat'>-</span> <span class='ocrx_word' id='word_1_18' title='bbox 575 444 695 524; x_wconf 86' lang='lat' dir='ltr'>Domus,</span> <span class='ocrx_word' id='word_1_19' title='bbox 719 449 827 526; x_wconf 75' lang='lat' dir='ltr'>inquit,</span> <span class='ocrx_word' id='word_1_20' title='bbox 850 465 920 507; x_wconf 89' lang='lat' dir='ltr'>suas</span> <span class='ocrx_word' id='word_1_21' title='bbox 943 466 1093 527; x_wconf 83' lang='lat' dir='ltr'><strong>quemque</strong></span> <span class='ocrx_word' id='word_1_22' title='bbox 1115 451 1160 508; x_wconf 86' lang='lat' dir='ltr'>ire</span> 
     </span>
     <span class='ocr_line' id='line_1_4' title="bbox 145 527 1107 618; baseline 0.004 -25"><span class='ocrx_word' id='word_1_23' title='bbox 145 532 230 594; x_wconf 91' lang='lat' dir='ltr'>iubet</span> <span class='ocrx_word' id='word_1_24' title='bbox 252 543 282 593; x_wconf 88' lang='lat' dir='ltr'>et</span> <span class='ocrx_word' id='word_1_25' title='bbox 305 552 359 594; x_wconf 91' lang='lat' dir='ltr'>sua</span> <span class='ocrx_word' id='word_1_26' title='bbox 382 536 481 595; x_wconf 87' lang='lat' dir='ltr'>emnia</span> <span class='ocrx_word' id='word_1_27' title='bbox 504 535 638 595; x_wconf 78' lang='lat' dir='ltr'><strong>frunisci.</strong></span> <span class='ocrx_word' id='word_1_28' title='bbox 670 527 738 616; x_wconf 76' lang='lat' dir='ltr'>(Ex</span> <span class='ocrx_word' id='word_1_29' title='bbox 763 538 858 598; x_wconf 77' lang='lat' dir='ltr'>Gelltb</span> <span class='ocrx_word' id='word_1_30' title='bbox 882 539 957 598; x_wconf 85' lang='lat' dir='ltr'>Non.</span> <span class='ocrx_word' id='word_1_31' title='bbox 978 555 1009 613; x_wconf 79' lang='lat' dir='ltr'>p.</span> <span class='ocrx_word' id='word_1_32' title='bbox 1023 531 1107 618; x_wconf 88' lang='grc'><strong><em>113.)</em></strong></span> 
     </span>
    </p>
   </div>
   <div class='ocr_carea' id='block_1_3' title="bbox 235 616 1160 705">
    <p class='ocr_par' dir='ltr' id='par_1_3' title="bbox 235 616 1160 705">
     <span class='ocr_line' id='line_1_5' title="bbox 235 616 1160 705; baseline 0.004 -23"><span class='ocrx_word' id='word_1_33' title='bbox 235 616 292 683; x_wconf 81' lang='grc'>24.</span> <span class='ocrx_word' id='word_1_34' title='bbox 318 625 390 685; x_wconf 86' lang='lat' dir='ltr'>Gell.</span> <span class='ocrx_word' id='word_1_35' title='bbox 410 624 446 682; x_wconf 99' lang='lat' dir='ltr'><em>X</em></span> <span class='ocrx_word' id='word_1_36' title='bbox 450 624 513 684; x_wconf 89' lang='lat' dir='ltr'>VII</span> <span class='ocrx_word' id='word_1_37' title='bbox 525 623 557 704; x_wconf 84' lang='lat'>2,</span> <span class='ocrx_word' id='word_1_38' title='bbox 575 623 597 682; x_wconf 84' lang='lat'><strong><em>9</em></strong></span> <span class='ocrx_word' id='word_1_39' title='bbox 628 621 725 684; x_wconf 90' lang='lat' dir='ltr'>Verba</span> <span class='ocrx_word' id='word_1_40' title='bbox 747 642 783 684; x_wconf 81' lang='lat' dir='ltr'>ex</span> <span class='ocrx_word' id='word_1_41' title='bbox 807 623 841 694; x_wconf 85' lang='lat' dir='ltr'>Q.</span> <span class='ocrx_word' id='word_1_42' title='bbox 864 623 968 686; x_wconf 84' lang='lat' dir='ltr'>Claudi</span> <span class='ocrx_word' id='word_1_43' title='bbox 989 627 1093 705; x_wconf 84' lang='lat' dir='ltr'>primu</span> <span class='ocrx_word' id='word_1_44' title='bbox 1110 644 1160 686; x_wconf 89' lang='lat' dir='ltr'>an·</span> 
     </span>
    </p>
   </div>
   <div class='ocr_carea' id='block_1_4' title="bbox 11 710 1187 802">
    <p class='ocr_par' dir='ltr' id='par_1_4' title="bbox 11 710 1187 802">
     <span class='ocr_line' id='line_1_6' title="bbox 11 710 1187 802; baseline 0.006 -32"><span class='ocrx_word' id='word_1_45' title='bbox 11 789 12 802; x_wconf 17' lang='lat'>¹</span> <span class='ocrx_word' id='word_1_46' title='bbox 145 710 217 771; x_wconf 88' lang='lat' dir='ltr'>nali:</span> <span class='ocrx_word' id='word_1_47' title='bbox 241 743 279 754; x_wconf 94' lang='lat'>-·</span> <span class='ocrx_word' id='word_1_48' title='bbox 303 710 342 772; x_wconf 90' lang='lat' dir='ltr'>Et</span> <span class='ocrx_word' id='word_1_49' title='bbox 364 710 502 794; x_wconf 85' lang='lat' dir='ltr'>Romani,</span> <span class='ocrx_word' id='word_1_50' title='bbox 525 713 637 793; x_wconf 88' lang='lat' dir='ltr'>inquit,</span> <span class='ocrx_word' id='word_1_51' title='bbox 659 711 761 774; x_wconf 86' lang='lat' dir='ltr'>multis</span> <span class='ocrx_word' id='word_1_52' title='bbox 783 714 875 774; x_wconf 90' lang='lat' dir='ltr'>armis</span> <span class='ocrx_word' id='word_1_53' title='bbox 898 720 929 774; x_wconf 90' lang='lat' dir='ltr'>et</span> <span class='ocrx_word' id='word_1_54' title='bbox 951 731 1058 792; x_wconf 80' lang='lat' dir='ltr'>magno</span> <span class='ocrx_word' id='word_1_55' title='bbox 1082 731 1187 777; x_wconf 81' lang='lat' dir='ltr'>eom-5</span> 
     </span>
    </p>
   </div>
   <div class='ocr_carea' id='block_1_5' title="bbox 144 795 1201 1528">
    <p class='ocr_par' dir='ltr' id='par_1_5' title="bbox 144 795 1201 1528">
     <span class='ocr_line' id='line_1_7' title="bbox 144 795 1161 884; baseline 0.002 -24"><span class='ocrx_word' id='word_1_56' title='bbox 144 808 245 861; x_wconf 89' lang='lat' dir='ltr'>meatu</span> <span class='ocrx_word' id='word_1_57' title='bbox 258 799 427 879; x_wconf 87' lang='lat' dir='ltr'>praedaque</span> <span class='ocrx_word' id='word_1_58' title='bbox 444 803 558 882; x_wconf 78' lang='lat' dir='ltr'>ingenti</span> <span class='ocrx_word' id='word_1_59' title='bbox 575 803 740 880; x_wconf 71' lang='lat' dir='ltr'>capimur.</span> <span class='ocrx_word' id='word_1_60' title='bbox 764 795 830 884; x_wconf 79' lang='lat' dir='ltr'>(Ex</span> <span class='ocrx_word' id='word_1_61' title='bbox 846 804 941 864; x_wconf 84' lang='lat' dir='ltr'>Gellio</span> <span class='ocrx_word' id='word_1_62' title='bbox 955 804 1031 864; x_wconf 81' lang='lat' dir='ltr'>Noa.</span> <span class='ocrx_word' id='word_1_63' title='bbox 1046 823 1078 881; x_wconf 86' lang='lat' dir='ltr'>p.</span> <span class='ocrx_word' id='word_1_64' title='bbox 1091 802 1161 881; x_wconf 88' lang='grc'>87.)</span> 
     </span>
     <span class='ocr_line' id='line_1_8' title="bbox 235 892 1160 978; baseline 0.002 -20"><span class='ocrx_word' id='word_1_65' title='bbox 235 892 292 959; x_wconf 78' lang='grc'><strong>21.</strong></span> <span class='ocrx_word' id='word_1_66' title='bbox 318 900 391 960; x_wconf 78' lang='lat' dir='ltr'>Gall.</span> <span class='ocrx_word' id='word_1_67' title='bbox 405 899 552 973; x_wconf 82' lang='lat' dir='ltr'><em>XVII2,</em></span> <span class='ocrx_word' id='word_1_68' title='bbox 566 900 606 960; x_wconf 86' lang='lat'>11</span> <span class='ocrx_word' id='word_1_69' title='bbox 628 897 723 960; x_wconf 89' lang='lat' dir='ltr'>Verba</span> <span class='ocrx_word' id='word_1_70' title='bbox 746 917 783 960; x_wconf 80' lang='lat' dir='ltr'>ex</span> <span class='ocrx_word' id='word_1_71' title='bbox 807 897 840 968; x_wconf 85' lang='grc' dir='ltr'><strong>Ο.</strong></span> <span class='ocrx_word' id='word_1_72' title='bbox 864 898 968 961; x_wconf 82' lang='lat' dir='ltr'>Claudi</span> <span class='ocrx_word' id='word_1_73' title='bbox 989 902 1087 978; x_wconf 86' lang='lat' dir='ltr'>primo</span> <span class='ocrx_word' id='word_1_74' title='bbox 1110 919 1160 961; x_wconf 86' lang='lat' dir='ltr'>an-</span> 
     </span>
     <span class='ocr_line' id='line_1_9' title="bbox 144 985 932 1067; baseline -0.001 -19"><span class='ocrx_word' id='word_1_75' title='bbox 144 985 217 1048; x_wconf 88' lang='lat' dir='ltr'>nali:</span> <span class='ocrx_word' id='word_1_76' title='bbox 234 1020 273 1029; x_wconf 89' lang='lat'>-</span> <span class='ocrx_word' id='word_1_77' title='bbox 288 986 358 1067; x_wconf 89' lang='lat' dir='ltr'>Nos,</span> <span class='ocrx_word' id='word_1_78' title='bbox 381 989 488 1067; x_wconf 88' lang='lat' dir='ltr'>inquit,</span> <span class='ocrx_word' id='word_1_79' title='bbox 510 989 543 1048; x_wconf 94' lang='lat' dir='ltr'>in</span> <span class='ocrx_word' id='word_1_80' title='bbox 564 987 697 1048; x_wconf 92' lang='lat' dir='ltr'>medium</span> <span class='ocrx_word' id='word_1_81' title='bbox 719 987 932 1067; x_wconf 83' lang='lat' dir='ltr'>relinquemus.</span> 
     </span>
     <span class='ocr_line' id='line_1_10' title="bbox 176 1078 1159 1164; baseline 0.004 -20"><span class='ocrx_word' id='word_1_82' title='bbox 176 1105 179 1112; x_wconf 92' lang='lat'>·</span> <span class='ocrx_word' id='word_1_83' title='bbox 235 1078 292 1146; x_wconf 87' lang='grc'>26.</span> <span class='ocrx_word' id='word_1_84' title='bbox 318 1086 390 1146; x_wconf 79' lang='lat' dir='ltr'>Geli.</span> <span class='ocrx_word' id='word_1_85' title='bbox 405 1086 508 1146; x_wconf 87' lang='lat' dir='ltr'><em>XVII</em></span> <span class='ocrx_word' id='word_1_86' title='bbox 523 1085 553 1158; x_wconf 86' lang='lat'>2,</span> <span class='ocrx_word' id='word_1_87' title='bbox 568 1086 609 1146; x_wconf 85' lang='lat'>15</span> <span class='ocrx_word' id='word_1_88' title='bbox 632 1083 728 1146; x_wconf 90' lang='lat' dir='ltr'>Verba</span> <span class='ocrx_word' id='word_1_89' title='bbox 750 1103 787 1146; x_wconf 82' lang='lat' dir='ltr'>ex</span> <span class='ocrx_word' id='word_1_90' title='bbox 810 1083 968 1155; x_wconf 67' lang='grc'><strong><em>(1011111</em></strong></span> <span class='ocrx_word' id='word_1_91' title='bbox 989 1088 1086 1164; x_wconf 87' lang='lat' dir='ltr'>primu</span> <span class='ocrx_word' id='word_1_92' title='bbox 1110 1105 1159 1148; x_wconf 89' lang='lat' dir='ltr'>an-</span> 
     </span>
     <span class='ocr_line' id='line_1_11' title="bbox 145 1171 1201 1254; baseline 0.005 -22"><span class='ocrx_word' id='word_1_93' title='bbox 145 1171 217 1232; x_wconf 93' lang='lat' dir='ltr'>nali:</span> <span class='ocrx_word' id='word_1_94' title='bbox 232 1204 274 1215; x_wconf 93' lang='lat'>—</span> <span class='ocrx_word' id='word_1_95' title='bbox 288 1172 369 1234; x_wconf 87' lang='lat' dir='ltr'>Nihil</span> <span class='ocrx_word' id='word_1_96' title='bbox 392 1173 460 1253; x_wconf 86' lang='lat' dir='ltr'>sibi,</span> <span class='ocrx_word' id='word_1_97' title='bbox 481 1176 588 1254; x_wconf 82' lang='lat' dir='ltr'>inquit,</span> <span class='ocrx_word' id='word_1_98' title='bbox 611 1173 732 1234; x_wconf 87' lang='lat' dir='ltr'>diuitias</span> <span class='ocrx_word' id='word_1_99' title='bbox 755 1192 831 1253; x_wconf 87' lang='lat' dir='ltr'>opus</span> <span class='ocrx_word' id='word_1_100' title='bbox 854 1192 929 1234; x_wconf 90' lang='lat' dir='ltr'>esse.</span> <span class='ocrx_word' id='word_1_101' title='bbox 1175 1198 1201 1238; x_wconf 83' lang='grc' dir='ltr'>ιο</span> 
     </span>
     <span class='ocr_line' id='line_1_12' title="bbox 235 1256 1160 1344; baseline 0.002 -22"><span class='ocrx_word' id='word_1_102' title='bbox 235 1256 291 1323; x_wconf 79' lang='grc'>27.</span> <span class='ocrx_word' id='word_1_103' title='bbox 318 1263 390 1323; x_wconf 83' lang='lat' dir='ltr'>Gell.</span> <span class='ocrx_word' id='word_1_104' title='bbox 404 1264 508 1324; x_wconf 82' lang='lat' dir='ltr'><em>XVII</em></span> <span class='ocrx_word' id='word_1_105' title='bbox 521 1263 552 1344; x_wconf 85' lang='lat'>2,</span> <span class='ocrx_word' id='word_1_106' title='bbox 565 1262 608 1324; x_wconf 89' lang='lat'>22</span> <span class='ocrx_word' id='word_1_107' title='bbox 635 1261 732 1323; x_wconf 86' lang='lat' dir='ltr'>Verba</span> <span class='ocrx_word' id='word_1_108' title='bbox 754 1281 790 1322; x_wconf 86' lang='lat' dir='ltr'>ex</span> <span class='ocrx_word' id='word_1_109' title='bbox 809 1262 842 1333; x_wconf 84' lang='lat' dir='ltr'>Q.</span> <span class='ocrx_word' id='word_1_110' title='bbox 862 1261 967 1324; x_wconf 84' lang='lat' dir='ltr'>Claudi</span> <span class='ocrx_word' id='word_1_111' title='bbox 987 1265 1087 1342; x_wconf 86' lang='lat' dir='ltr'>primo</span> <span class='ocrx_word' id='word_1_112' title='bbox 1111 1282 1160 1324; x_wconf 89' lang='lat' dir='ltr'>an-</span> 
     </span>
     <span class='ocr_line' id='line_1_13' title="bbox 145 1348 904 1432; baseline 0.001 -22"><span class='ocrx_word' id='word_1_113' title='bbox 145 1348 218 1410; x_wconf 92' lang='lat' dir='ltr'>nali:</span> <span class='ocrx_word' id='word_1_114' title='bbox 236 1383 273 1392; x_wconf 94' lang='lat'><em>-</em></span> <span class='ocrx_word' id='word_1_115' title='bbox 290 1349 482 1432; x_wconf 86' lang='lat' dir='ltr'>bliserrimas,</span> <span class='ocrx_word' id='word_1_116' title='bbox 500 1354 608 1432; x_wconf 89' lang='lat' dir='ltr'>inquit,</span> <span class='ocrx_word' id='word_1_117' title='bbox 630 1353 709 1412; x_wconf 89' lang='lat' dir='ltr'>uitas</span> <span class='ocrx_word' id='word_1_118' title='bbox 732 1359 904 1430; x_wconf 83' lang='lat' dir='ltr'>exegerunt.</span> 
     </span>
     <span class='ocr_line' id='line_1_14' title="bbox 233 1443 1160 1528; baseline 0.002 -20"><span class='ocrx_word' id='word_1_119' title='bbox 233 1443 289 1510; x_wconf 89' lang='grc'><strong>28.</strong></span> <span class='ocrx_word' id='word_1_120' title='bbox 314 1450 388 1511; x_wconf 75' lang='lat' dir='ltr'>Gall.</span> <span class='ocrx_word' id='word_1_121' title='bbox 402 1451 504 1510; x_wconf 87' lang='lat' dir='ltr'><em>XVII</em></span> <span class='ocrx_word' id='word_1_122' title='bbox 518 1451 549 1524; x_wconf 89' lang='grc'><strong>2,</strong></span> <span class='ocrx_word' id='word_1_123' title='bbox 563 1450 606 1511; x_wconf 85' lang='grc'><strong>23</strong></span> <span class='ocrx_word' id='word_1_124' title='bbox 633 1448 729 1510; x_wconf 89' lang='lat' dir='ltr'>Verba</span> <span class='ocrx_word' id='word_1_125' title='bbox 752 1466 788 1509; x_wconf 80' lang='lat' dir='ltr'>ex</span> <span class='ocrx_word' id='word_1_126' title='bbox 812 1447 845 1519; x_wconf 86' lang='lat' dir='ltr'>Q.</span> <span class='ocrx_word' id='word_1_127' title='bbox 865 1447 969 1510; x_wconf 87' lang='lat' dir='ltr'>Claudi</span> <span class='ocrx_word' id='word_1_128' title='bbox 991 1452 1087 1528; x_wconf 88' lang='lat' dir='ltr'>primo</span> <span class='ocrx_word' id='word_1_129' title='bbox 1111 1468 1160 1510; x_wconf 88' lang='lat' dir='ltr'>an-</span> 
     </span>
    </p>
   </div>
   <div class='ocr_carea' id='block_1_6' title="bbox 8 1535 1045 1618">
    <p class='ocr_par' dir='ltr' id='par_1_6' title="bbox 8 1535 1045 1618">
     <span class='ocr_line' id='line_1_15' title="bbox 8 1535 1045 1618; baseline 0 -20"><span class='ocrx_word' id='word_1_130' title='bbox 8 1563 12 1578; x_wconf 87' lang='lat'><em>·</em></span> <span class='ocrx_word' id='word_1_131' title='bbox 145 1535 217 1598; x_wconf 88' lang='lat' dir='ltr'>nali:</span> <span class='ocrx_word' id='word_1_132' title='bbox 235 1571 273 1580; x_wconf 95' lang='lat'>-</span> <span class='ocrx_word' id='word_1_133' title='bbox 289 1536 344 1598; x_wconf 87' lang='lat' dir='ltr'>Hie</span> <span class='ocrx_word' id='word_1_134' title='bbox 368 1557 463 1600; x_wconf 87' lang='lat' dir='ltr'>annus</span> <span class='ocrx_word' id='word_1_135' title='bbox 487 1540 518 1600; x_wconf 92' lang='lat' dir='ltr'>in</span> <span class='ocrx_word' id='word_1_136' title='bbox 541 1541 620 1618; x_wconf 83' lang='lat' dir='ltr'>otiis,</span> <span class='ocrx_word' id='word_1_137' title='bbox 642 1540 748 1618; x_wconf 87' lang='lat' dir='ltr'>inquit,</span> <span class='ocrx_word' id='word_1_138' title='bbox 772 1545 968 1617; x_wconf 84' lang='lat' dir='ltr'>consumptus</span> <span class='ocrx_word' id='word_1_139' title='bbox 990 1545 1045 1599; x_wconf 89' lang='lat' dir='ltr'>est.</span> 
     </span>
    </p>
   </div>
   <div class='ocr_carea' id='block_1_7' title="bbox 144 1628 1201 1804">
    <p class='ocr_par' dir='ltr' id='par_1_7' title="bbox 144 1628 1201 1804">
     <span class='ocr_line' id='line_1_16' title="bbox 235 1628 1201 1715; baseline 0.006 -22"><span class='ocrx_word' id='word_1_140' title='bbox 235 1628 293 1695; x_wconf 86' lang='grc'>29.</span> <span class='ocrx_word' id='word_1_141' title='bbox 319 1636 391 1696; x_wconf 79' lang='lat' dir='ltr'>Geli.</span> <span class='ocrx_word' id='word_1_142' title='bbox 406 1635 509 1696; x_wconf 96' lang='lat' dir='ltr'><em>XVII</em></span> <span class='ocrx_word' id='word_1_143' title='bbox 520 1635 550 1710; x_wconf 90' lang='grc'><strong>2,</strong></span> <span class='ocrx_word' id='word_1_144' title='bbox 564 1636 607 1696; x_wconf 86' lang='grc'><strong>25</strong></span> <span class='ocrx_word' id='word_1_145' title='bbox 630 1634 726 1696; x_wconf 89' lang='lat' dir='ltr'>Verba</span> <span class='ocrx_word' id='word_1_146' title='bbox 749 1653 786 1695; x_wconf 84' lang='lat' dir='ltr'>ex</span> <span class='ocrx_word' id='word_1_147' title='bbox 810 1634 843 1705; x_wconf 84' lang='lat' dir='ltr'>Q.</span> <span class='ocrx_word' id='word_1_148' title='bbox 863 1635 968 1696; x_wconf 89' lang='lat' dir='ltr'>Claudi</span> <span class='ocrx_word' id='word_1_149' title='bbox 989 1639 1086 1715; x_wconf 84' lang='lat' dir='ltr'>prime</span> <span class='ocrx_word' id='word_1_150' title='bbox 1110 1654 1160 1697; x_wconf 90' lang='lat' dir='ltr'>au·</span> <span class='ocrx_word' id='word_1_151' title='bbox 1174 1657 1201 1699; x_wconf 69' lang='grc' dir='ltr'>ιε</span> 
     </span>
     <span class='ocr_line' id='line_1_17' title="bbox 144 1720 1043 1804; baseline 0.004 -22"><span class='ocrx_word' id='word_1_152' title='bbox 144 1720 217 1783; x_wconf 92' lang='lat' dir='ltr'>nali:</span> <span class='ocrx_word' id='word_1_153' title='bbox 233 1754 275 1765; x_wconf 93' lang='lat'>—</span> <span class='ocrx_word' id='word_1_154' title='bbox 290 1721 455 1804; x_wconf 89' lang='lat' dir='ltr'>Conualles,</span> <span class='ocrx_word' id='word_1_155' title='bbox 477 1725 584 1804; x_wconf 87' lang='lat' dir='ltr'>inquit,</span> <span class='ocrx_word' id='word_1_156' title='bbox 607 1734 638 1786; x_wconf 92' lang='lat' dir='ltr'>et</span> <span class='ocrx_word' id='word_1_157' title='bbox 660 1723 799 1784; x_wconf 86' lang='lat' dir='ltr'>arboreta</span> <span class='ocrx_word' id='word_1_158' title='bbox 821 1741 926 1804; x_wconf 79' lang='lat' dir='ltr'>magna</span> <span class='ocrx_word' id='word_1_159' title='bbox 950 1733 1043 1786; x_wconf 88' lang='lat' dir='ltr'>erant.</span> 
     </span>
    </p>
   </div>
   <div class='ocr_carea' id='block_1_8' title="bbox 144 1814 1202 3063">
    <p class='ocr_par' dir='ltr' id='par_1_8' title="bbox 144 1814 1161 2078">
     <span class='ocr_line' id='line_1_18' title="bbox 235 1814 1161 1898; baseline 0.002 -17"><span class='ocrx_word' id='word_1_160' title='bbox 235 1814 296 1882; x_wconf 86' lang='grc'><strong>30.</strong></span> <span class='ocrx_word' id='word_1_161' title='bbox 322 1822 394 1884; x_wconf 84' lang='lat' dir='ltr'>Gell.</span> <span class='ocrx_word' id='word_1_162' title='bbox 416 1821 516 1882; x_wconf 90' lang='lat' dir='ltr'><em>VIIII</em></span> <span class='ocrx_word' id='word_1_163' title='bbox 533 1822 620 1898; x_wconf 74' lang='lat'><strong><em>14,3</em></strong></span> <span class='ocrx_word' id='word_1_164' title='bbox 652 1821 842 1882; x_wconf 88' lang='lat' dir='ltr'>bleminimus</span> <span class='ocrx_word' id='word_1_165' title='bbox 869 1824 959 1884; x_wconf 86' lang='lat' dir='ltr'>etiam</span> <span class='ocrx_word' id='word_1_166' title='bbox 986 1824 1018 1883; x_wconf 91' lang='lat' dir='ltr'>in</span> <span class='ocrx_word' id='word_1_167' title='bbox 1042 1822 1161 1884; x_wconf 84' lang='lat' dir='ltr'>Tiburti</span> 
     </span>
     <span class='ocr_line' id='line_1_19' title="bbox 145 1907 1160 1988; baseline 0.004 -20"><span class='ocrx_word' id='word_1_168' title='bbox 145 1907 324 1970; x_wconf 79' lang='lat' dir='ltr'>bibliotheca</span> <span class='ocrx_word' id='word_1_169' title='bbox 346 1911 484 1970; x_wconf 86' lang='lat' dir='ltr'>inuenire</span> <span class='ocrx_word' id='word_1_170' title='bbox 507 1929 562 1971; x_wconf 84' lang='lat' dir='ltr'>nes</span> <span class='ocrx_word' id='word_1_171' title='bbox 590 1913 621 1972; x_wconf 94' lang='lat' dir='ltr'>in</span> <span class='ocrx_word' id='word_1_172' title='bbox 649 1909 755 1970; x_wconf 88' lang='lat' dir='ltr'>eodem</span> <span class='ocrx_word' id='word_1_173' title='bbox 782 1909 912 1988; x_wconf 81' lang='lat' dir='ltr'>[primo]</span> <span class='ocrx_word' id='word_1_174' title='bbox 942 1909 1057 1972; x_wconf 89' lang='lat' dir='ltr'>Claudii</span> <span class='ocrx_word' id='word_1_175' title='bbox 1083 1911 1160 1972; x_wconf 87' lang='lat' dir='ltr'>libro</span> 
     </span>
     <span class='ocr_line' id='line_1_20' title="bbox 144 1993 791 2078; baseline 0.005 -21"><span class='ocrx_word' id='word_1_176' title='bbox 144 1999 292 2076; x_wconf 88' lang='lat' dir='ltr'>seriptum</span> <span class='ocrx_word' id='word_1_177' title='bbox 314 2006 476 2078; x_wconf 89' lang='lat' dir='ltr'>utrumque</span> <span class='ocrx_word' id='word_1_178' title='bbox 500 1995 613 2062; x_wconf 77' lang='lat' dir='ltr'>‘facies’</span> <span class='ocrx_word' id='word_1_179' title='bbox 636 2007 668 2060; x_wconf 90' lang='lat' dir='ltr'>et</span> <span class='ocrx_word' id='word_1_180' title='bbox 690 1993 791 2060; x_wconf 77' lang='lat' dir='ltr'>‘laeii&#39;.</span> 
     </span>
    </p>

    <p class='ocr_par' dir='ltr' id='par_1_9' title="bbox 145 2089 1202 2885">
     <span class='ocr_line' id='line_1_21' title="bbox 235 2089 1201 2173; baseline 0.001 -16"><span class='ocrx_word' id='word_1_181' title='bbox 235 2089 294 2158; x_wconf 91' lang='grc'>31.</span> <span class='ocrx_word' id='word_1_182' title='bbox 318 2097 406 2158; x_wconf 84' lang='lat' dir='ltr'>Seru.</span> <span class='ocrx_word' id='word_1_183' title='bbox 421 2099 466 2157; x_wconf 84' lang='lat' dir='ltr'>ad</span> <span class='ocrx_word' id='word_1_184' title='bbox 484 2096 572 2173; x_wconf 68' lang='lat' dir='ltr'>Vera.</span> <span class='ocrx_word' id='word_1_185' title='bbox 586 2098 660 2158; x_wconf 78' lang='lat' dir='ltr'>Aen.</span> <span class='ocrx_word' id='word_1_186' title='bbox 675 2099 698 2158; x_wconf 99' lang='lat' dir='ltr'><em>I</em></span> <span class='ocrx_word' id='word_1_187' title='bbox 707 2096 772 2157; x_wconf 83' lang='lat'>108</span> <span class='ocrx_word' id='word_1_188' title='bbox 789 2094 870 2156; x_wconf 86' lang='lat' dir='ltr'>llaee</span> <span class='ocrx_word' id='word_1_189' title='bbox 884 2103 984 2156; x_wconf 90' lang='lat' dir='ltr'>autem</span> <span class='ocrx_word' id='word_1_190' title='bbox 998 2113 1067 2156; x_wconf 83' lang='lat' dir='ltr'>saxa</span> <span class='ocrx_word' id='word_1_191' title='bbox 1081 2098 1160 2157; x_wconf 83' lang='lat' dir='ltr'>inter</span> <span class='ocrx_word' id='word_1_192' title='bbox 1173 2119 1201 2159; x_wconf 81' lang='lat' dir='ltr'>ru</span> 
     </span>
     <span class='ocr_line' id='line_1_22' title="bbox 145 2183 1162 2265; baseline 0.001 -21"><span class='ocrx_word' id='word_1_193' title='bbox 145 2183 291 2264; x_wconf 80' lang='lat' dir='ltr'>Abieam,</span> <span class='ocrx_word' id='word_1_194' title='bbox 310 2183 441 2245; x_wconf 88' lang='lat' dir='ltr'>Siciliam</span> <span class='ocrx_word' id='word_1_195' title='bbox 465 2192 495 2245; x_wconf 90' lang='lat' dir='ltr'>et</span> <span class='ocrx_word' id='word_1_196' title='bbox 514 2184 680 2246; x_wconf 82' lang='lat' dir='ltr'>Sardiniam</span> <span class='ocrx_word' id='word_1_197' title='bbox 703 2193 733 2246; x_wconf 89' lang='lat' dir='ltr'>et</span> <span class='ocrx_word' id='word_1_198' title='bbox 756 2183 869 2246; x_wconf 82' lang='lat' dir='ltr'>ltaliam</span> <span class='ocrx_word' id='word_1_199' title='bbox 889 2192 969 2265; x_wconf 79' lang='lat' dir='ltr'>stant,</span> <span class='ocrx_word' id='word_1_200' title='bbox 992 2202 1067 2264; x_wconf 85' lang='lat' dir='ltr'>quae</span> <span class='ocrx_word' id='word_1_201' title='bbox 1092 2203 1162 2246; x_wconf 85' lang='lat' dir='ltr'>saxa</span> 
     </span>
     <span class='ocr_line' id='line_1_23' title="bbox 146 2271 1161 2355; baseline 0.001 -22"><span class='ocrx_word' id='word_1_202' title='bbox 146 2272 184 2333; x_wconf 85' lang='lat' dir='ltr'>eb</span> <span class='ocrx_word' id='word_1_203' title='bbox 207 2272 264 2334; x_wconf 86' lang='lat' dir='ltr'>boe</span> <span class='ocrx_word' id='word_1_204' title='bbox 288 2271 354 2334; x_wconf 88' lang='lat' dir='ltr'>ltali</span> <span class='ocrx_word' id='word_1_205' title='bbox 375 2291 442 2334; x_wconf 89' lang='lat' dir='ltr'>aras</span> <span class='ocrx_word' id='word_1_206' title='bbox 464 2281 582 2355; x_wconf 81' lang='lat' dir='ltr'>uocant,</span> <span class='ocrx_word' id='word_1_207' title='bbox 605 2273 686 2354; x_wconf 82' lang='lat' dir='ltr'>quud</span> <span class='ocrx_word' id='word_1_208' title='bbox 709 2273 751 2334; x_wconf 90' lang='lat' dir='ltr'>ibi</span> <span class='ocrx_word' id='word_1_209' title='bbox 773 2273 837 2334; x_wconf 80' lang='lat' dir='ltr'>Alri</span> <span class='ocrx_word' id='word_1_210' title='bbox 860 2280 891 2334; x_wconf 90' lang='lat' dir='ltr'>et</span> <span class='ocrx_word' id='word_1_211' title='bbox 908 2272 1033 2334; x_wconf 84' lang='lat' dir='ltr'>Romani</span> <span class='ocrx_word' id='word_1_212' title='bbox 1055 2274 1161 2334; x_wconf 88' lang='lat' dir='ltr'>loedus</span> 
     </span>
     <span class='ocr_line' id='line_1_24' title="bbox 145 2361 1161 2442; baseline 0.001 -20"><span class='ocrx_word' id='word_1_213' title='bbox 145 2362 287 2422; x_wconf 86' lang='lat' dir='ltr'>inierunt.</span> <span class='ocrx_word' id='word_1_214' title='bbox 314 2395 352 2404; x_wconf 95' lang='lat'>-</span> <span class='ocrx_word' id='word_1_215' title='bbox 378 2361 498 2441; x_wconf 86' lang='lat' dir='ltr'>quidam</span> <span class='ocrx_word' id='word_1_216' title='bbox 525 2363 653 2424; x_wconf 89' lang='lat' dir='ltr'>insulam</span> <span class='ocrx_word' id='word_1_217' title='bbox 675 2363 769 2423; x_wconf 84' lang='lat' dir='ltr'>luisse</span> <span class='ocrx_word' id='word_1_218' title='bbox 792 2362 873 2422; x_wconf 86' lang='lat' dir='ltr'>bunc</span> <span class='ocrx_word' id='word_1_219' title='bbox 901 2361 1001 2423; x_wconf 80' lang='lat' dir='ltr'>lorum</span> <span class='ocrx_word' id='word_1_220' title='bbox 1030 2363 1161 2442; x_wconf 82' lang='lat' dir='ltr'>tradunt,</span> 
     </span>
     <span class='ocr_line' id='line_1_25' title="bbox 146 2449 1161 2532; baseline 0.002 -22"><span class='ocrx_word' id='word_1_221' title='bbox 146 2468 222 2530; x_wconf 88' lang='lat' dir='ltr'>quae</span> <span class='ocrx_word' id='word_1_222' title='bbox 246 2449 345 2512; x_wconf 80' lang='lat' dir='ltr'>subito</span> <span class='ocrx_word' id='word_1_223' title='bbox 372 2467 495 2529; x_wconf 90' lang='lat' dir='ltr'>pessum</span> <span class='ocrx_word' id='word_1_224' title='bbox 523 2453 607 2532; x_wconf 82' lang='lat' dir='ltr'>ierit,</span> <span class='ocrx_word' id='word_1_225' title='bbox 630 2453 716 2512; x_wconf 86' lang='lat' dir='ltr'>euius</span> <span class='ocrx_word' id='word_1_226' title='bbox 744 2449 885 2530; x_wconf 83' lang='lat' dir='ltr'>reliquias</span> <span class='ocrx_word' id='word_1_227' title='bbox 914 2468 983 2511; x_wconf 85' lang='lat' dir='ltr'>saxa</span> <span class='ocrx_word' id='word_1_228' title='bbox 1010 2451 1084 2512; x_wconf 86' lang='lat' dir='ltr'>baee</span> <span class='ocrx_word' id='word_1_229' title='bbox 1112 2470 1161 2512; x_wconf 84' lang='lat' dir='ltr'>ex-</span> 
     </span>
     <span class='ocr_line' id='line_1_26' title="bbox 146 2538 1202 2620; baseline 0.003 -21"><span class='ocrx_word' id='word_1_230' title='bbox 146 2547 239 2620; x_wconf 88' lang='lat' dir='ltr'>stare,</span> <span class='ocrx_word' id='word_1_231' title='bbox 262 2541 295 2599; x_wconf 91' lang='lat' dir='ltr'>in</span> <span class='ocrx_word' id='word_1_232' title='bbox 318 2538 428 2618; x_wconf 88' lang='lat' dir='ltr'>quibus</span> <span class='ocrx_word' id='word_1_233' title='bbox 450 2541 534 2601; x_wconf 90' lang='lat' dir='ltr'>aiunt</span> <span class='ocrx_word' id='word_1_234' title='bbox 556 2539 725 2602; x_wconf 85' lang='lat' dir='ltr'>Poenorum</span> <span class='ocrx_word' id='word_1_235' title='bbox 748 2538 918 2600; x_wconf 81' lang='lat' dir='ltr'>sacerdotes</span> <span class='ocrx_word' id='word_1_236' title='bbox 941 2557 1006 2599; x_wconf 91' lang='lat' dir='ltr'>rem</span> <span class='ocrx_word' id='word_1_237' title='bbox 1029 2539 1161 2601; x_wconf 91' lang='lat' dir='ltr'>diuinam</span> <span class='ocrx_word' id='word_1_238' title='bbox 1175 2561 1202 2602; x_wconf 76' lang='lat' dir='ltr'>aa</span> 
     </span>
     <span class='ocr_line' id='line_1_27' title="bbox 147 2627 1161 2709; baseline 0.001 -21"><span class='ocrx_word' id='word_1_239' title='bbox 147 2629 244 2689; x_wconf 81' lang='lat' dir='ltr'>lacere</span> <span class='ocrx_word' id='word_1_240' title='bbox 264 2627 376 2688; x_wconf 91' lang='lat' dir='ltr'>solitos.</span> <span class='ocrx_word' id='word_1_241' title='bbox 412 2628 467 2688; x_wconf 91' lang='lat' dir='ltr'>bas</span> <span class='ocrx_word' id='word_1_242' title='bbox 484 2647 552 2689; x_wconf 90' lang='lat' dir='ltr'>aras</span> <span class='ocrx_word' id='word_1_243' title='bbox 575 2628 625 2690; x_wconf 93' lang='lat' dir='ltr'>alii</span> <span class='ocrx_word' id='word_1_244' title='bbox 646 2628 811 2709; x_wconf 85' lang='lat' dir='ltr'>Neptunias</span> <span class='ocrx_word' id='word_1_245' title='bbox 835 2635 954 2708; x_wconf 81' lang='lat' dir='ltr'>uocant,</span> <span class='ocrx_word' id='word_1_246' title='bbox 976 2629 1054 2689; x_wconf 85' lang='lat' dir='ltr'>sient</span> <span class='ocrx_word' id='word_1_247' title='bbox 1077 2628 1161 2689; x_wconf 88' lang='lat' dir='ltr'>Clau·</span> 
     </span>
     <span class='ocr_line' id='line_1_28' title="bbox 146 2716 1161 2797; baseline -0.001 -19"><span class='ocrx_word' id='word_1_248' title='bbox 146 2717 214 2778; x_wconf 90' lang='lat' dir='ltr'>dius</span> <span class='ocrx_word' id='word_1_249' title='bbox 232 2716 447 2796; x_wconf 80' lang='lat' dir='ltr'>Quadrigarius</span> <span class='ocrx_word' id='word_1_250' title='bbox 465 2717 478 2778; x_wconf 97' lang='lat' dir='ltr'>l</span> <span class='ocrx_word' id='word_1_251' title='bbox 497 2717 659 2778; x_wconf 90' lang='lat' dir='ltr'>annalium:</span> <span class='ocrx_word' id='word_1_252' title='bbox 682 2716 768 2797; x_wconf 78' lang='lat' dir='ltr'>Apud</span> <span class='ocrx_word' id='word_1_253' title='bbox 788 2735 863 2797; x_wconf 87' lang='lat' dir='ltr'>aras,</span> <span class='ocrx_word' id='word_1_254' title='bbox 882 2734 957 2796; x_wconf 89' lang='lat' dir='ltr'>quae</span> <span class='ocrx_word' id='word_1_255' title='bbox 977 2716 1161 2777; x_wconf 76' lang='lat' dir='ltr'>uocabantur</span> 
     </span>
     <span class='ocr_line' id='line_1_29' title="bbox 146 2804 320 2885; baseline 0.006 -19"><span class='ocrx_word' id='word_1_256' title='bbox 146 2804 320 2885; x_wconf 75' lang='lat' dir='ltr'>Neptamiae.</span> 
     </span>
    </p>

    <p class='ocr_par' dir='ltr' id='par_1_10' title="bbox 147 2889 1202 3063">
     <span class='ocr_line' id='line_1_30' title="bbox 237 2889 1161 2972; baseline -0.003 -16"><span class='ocrx_word' id='word_1_257' title='bbox 237 2889 296 2956; x_wconf 89' lang='grc'>32.</span> <span class='ocrx_word' id='word_1_258' title='bbox 321 2896 437 2957; x_wconf 82' lang='lat' dir='ltr'>Nonius</span> <span class='ocrx_word' id='word_1_259' title='bbox 459 2914 481 2956; x_wconf 85' lang='lat' dir='ltr'>s.</span> <span class='ocrx_word' id='word_1_260' title='bbox 505 2914 534 2956; x_wconf 82' lang='lat' dir='ltr'>u.</span> <span class='ocrx_word' id='word_1_261' title='bbox 558 2899 720 2958; x_wconf 82' lang='lat' dir='ltr'>reticulum</span> <span class='ocrx_word' id='word_1_262' title='bbox 740 2913 770 2972; x_wconf 84' lang='lat' dir='ltr'>p.</span> <span class='ocrx_word' id='word_1_263' title='bbox 789 2894 854 2955; x_wconf 88' lang='grc'>222</span> <span class='ocrx_word' id='word_1_264' title='bbox 887 2893 1028 2954; x_wconf 85' lang='lat' dir='ltr'>Claudius</span> <span class='ocrx_word' id='word_1_265' title='bbox 1051 2895 1161 2972; x_wconf 83' lang='lat' dir='ltr'>primo:</span> 
     </span>
     <span class='ocr_line' id='line_1_31' title="bbox 147 2981 1202 3063; baseline 0.002 -20"><span class='ocrx_word' id='word_1_266' title='bbox 147 2982 235 3045; x_wconf 89' lang='lat' dir='ltr'>Prius</span> <span class='ocrx_word' id='word_1_267' title='bbox 257 2981 384 3063; x_wconf 84' lang='lat' dir='ltr'>bisee†</span> <span class='ocrx_word' id='word_1_268' title='bbox 407 2983 580 3045; x_wconf 85' lang='lat' dir='ltr'>auctoribus</span> <span class='ocrx_word' id='word_1_269' title='bbox 602 2983 673 3044; x_wconf 92' lang='lat' dir='ltr'>inde</span> <span class='ocrx_word' id='word_1_270' title='bbox 695 2982 821 3044; x_wconf 83' lang='lat' dir='ltr'>reticula</span> <span class='ocrx_word' id='word_1_271' title='bbox 844 2981 978 3062; x_wconf 81' lang='lat' dir='ltr'>galearia.</span> <span class='ocrx_word' id='word_1_272' title='bbox 1175 3005 1202 3045; x_wconf 80' lang='lat' dir='ltr'>eo</span> 
     </span>
    </p>
   </div>
   <div class='ocr_carea' id='block_1_9' title="bbox 147 3076 1163 3320">
    <p class='ocr_par' dir='ltr' id='par_1_11' title="bbox 147 3076 1163 3320">
     <span class='ocr_line' id='line_1_32' title="bbox 237 3076 1162 3160; baseline -0.004 -16"><span class='ocrx_word' id='word_1_273' title='bbox 237 3076 296 3144; x_wconf 87' lang='grc'><strong>33.</strong></span> <span class='ocrx_word' id='word_1_274' title='bbox 321 3083 437 3143; x_wconf 71' lang='lat' dir='ltr'>Nemus</span> <span class='ocrx_word' id='word_1_275' title='bbox 454 3101 476 3143; x_wconf 90' lang='lat' dir='ltr'>s.</span> <span class='ocrx_word' id='word_1_276' title='bbox 496 3101 525 3142; x_wconf 82' lang='lat' dir='ltr'>n.</span> <span class='ocrx_word' id='word_1_277' title='bbox 540 3088 683 3159; x_wconf 82' lang='lat' dir='ltr'>possetur</span> <span class='ocrx_word' id='word_1_278' title='bbox 701 3081 815 3159; x_wconf 61' lang='grc'><strong><em>11508</em></strong></span> <span class='ocrx_word' id='word_1_279' title='bbox 837 3080 1051 3160; x_wconf 82' lang='lat' dir='ltr'>Quadrigarius</span> <span class='ocrx_word' id='word_1_280' title='bbox 1074 3097 1162 3141; x_wconf 88' lang='lat' dir='ltr'>anna-</span> 
     </span>
     <span class='ocr_line' id='line_1_33' title="bbox 147 3169 1163 3250; baseline 0 -20"><span class='ocrx_word' id='word_1_281' title='bbox 147 3169 220 3230; x_wconf 93' lang='lat' dir='ltr'>lium</span> <span class='ocrx_word' id='word_1_282' title='bbox 243 3170 293 3230; x_wconf 89' lang='lat' dir='ltr'>lib.</span> <span class='ocrx_word' id='word_1_283' title='bbox 311 3169 339 3230; x_wconf 88' lang='lat' dir='ltr'>l:</span> <span class='ocrx_word' id='word_1_284' title='bbox 372 3169 447 3231; x_wconf 89' lang='lat' dir='ltr'>Cum</span> <span class='ocrx_word' id='word_1_285' title='bbox 470 3189 530 3231; x_wconf 93' lang='lat' dir='ltr'>uon</span> <span class='ocrx_word' id='word_1_286' title='bbox 553 3177 693 3250; x_wconf 87' lang='lat' dir='ltr'>possetur</span> <span class='ocrx_word' id='word_1_287' title='bbox 716 3169 851 3249; x_wconf 81' lang='lat' dir='ltr'>decerni,</span> <span class='ocrx_word' id='word_1_288' title='bbox 880 3171 977 3232; x_wconf 89' lang='lat' dir='ltr'>utrius</span> <span class='ocrx_word' id='word_1_289' title='bbox 1005 3177 1163 3248; x_wconf 88' lang='lat' dir='ltr'>putaretur</span> 
     </span>
     <span class='ocr_line' id='line_1_34' title="bbox 147 3261 371 3320; baseline -0.004 0"><span class='ocrx_word' id='word_1_290' title='bbox 147 3261 275 3320; x_wconf 85' lang='lat' dir='ltr'>uictoria</span> <span class='ocrx_word' id='word_1_291' title='bbox 297 3275 371 3319; x_wconf 75' lang='lat' dir='ltr'>esse,</span> 
     </span>
    </p>
   </div>
   <div class='ocr_carea' id='block_1_10' title="bbox 534 3376 1225 3483">
    <p class='ocr_par' dir='ltr' id='par_1_12' title="bbox 534 3376 1225 3483">
     <span class='ocr_line' id='line_1_35' title="bbox 534 3376 1225 3483; baseline -0.003 -51"><span class='ocrx_word' id='word_1_292' title='bbox 534 3376 589 3432; x_wconf 78' lang='lat' dir='ltr'>Ex</span> <span class='ocrx_word' id='word_1_293' title='bbox 606 3376 732 3432; x_wconf 84' lang='lat' dir='ltr'><em>LIBRO</em></span> <span class='ocrx_word' id='word_1_294' title='bbox 751 3376 777 3430; x_wconf 92' lang='lat'>11</span> <span class='ocrx_word' id='word_1_295' title='bbox 1172 3434 1225 3483; x_wconf 62' lang='lat'>294</span> 
     </span>
    </p>
   </div>
   <div class='ocr_carea' id='block_1_11' title="bbox 148 3483 1226 3640">
    <p class='ocr_par' dir='ltr' id='par_1_13' title="bbox 148 3483 1226 3640">
     <span class='ocr_line' id='line_1_36' title="bbox 237 3483 1226 3571; baseline 0 -21"><span class='ocrx_word' id='word_1_296' title='bbox 237 3483 324 3551; x_wconf 79' lang='grc'><strong>34*.</strong></span> <span class='ocrx_word' id='word_1_297' title='bbox 347 3489 534 3562; x_wconf 78' lang='lat' dir='ltr'>Liu.X37,</span> <span class='ocrx_word' id='word_1_298' title='bbox 551 3489 593 3550; x_wconf 88' lang='grc'><strong><em>13</em></strong></span> <span class='ocrx_word' id='word_1_299' title='bbox 622 3488 661 3550; x_wconf 87' lang='lat' dir='ltr'>Et</span> <span class='ocrx_word' id='word_1_300' title='bbox 688 3489 778 3551; x_wconf 90' lang='lat' dir='ltr'>buius</span> <span class='ocrx_word' id='word_1_301' title='bbox 800 3490 871 3550; x_wconf 89' lang='lat' dir='ltr'>anni</span> <span class='ocrx_word' id='word_1_302' title='bbox 893 3505 999 3568; x_wconf 88' lang='lat' dir='ltr'>parum</span> <span class='ocrx_word' id='word_1_303' title='bbox 1022 3497 1226 3571; x_wconf 53' lang='lat' dir='ltr'>constansffgfi</span> 
     </span>
     <span class='ocr_line' id='line_1_37' title="bbox 148 3577 1215 3640; baseline 0 -1"><span class='ocrx_word' id='word_1_304' title='bbox 148 3581 291 3640; x_wconf 88' lang='lat' dir='ltr'>memoria</span> <span class='ocrx_word' id='word_1_305' title='bbox 319 3586 378 3640; x_wconf 88' lang='lat' dir='ltr'>est:</span> <span class='ocrx_word' id='word_1_306' title='bbox 405 3578 590 3640; x_wconf 87' lang='lat' dir='ltr'>Postumium</span> <span class='ocrx_word' id='word_1_307' title='bbox 618 3586 723 3640; x_wconf 86' lang='lat' dir='ltr'>aueter</span> <span class='ocrx_word' id='word_1_308' title='bbox 750 3586 797 3640; x_wconf 87' lang='lat' dir='ltr'>est</span> <span class='ocrx_word' id='word_1_309' title='bbox 819 3577 960 3640; x_wconf 87' lang='lat' dir='ltr'>Claudius</span> <span class='ocrx_word' id='word_1_310' title='bbox 986 3580 1018 3639; x_wconf 91' lang='lat' dir='ltr'>in</span> <span class='ocrx_word' id='word_1_311' title='bbox 1042 3578 1161 3640; x_wconf 86' lang='lat' dir='ltr'>Samnio</span> <span class='ocrx_word' id='word_1_312' title='bbox 1189 3597 1215 3639; x_wconf 77' lang='lat' dir='ltr'>aa</span> 
     </span>
    </p>
   </div>
   <div class='ocr_carea' id='block_1_12' title="bbox 0 0 1344 4058">
    <p class='ocr_par' dir='ltr' id='par_1_14' title="bbox 0 0 1344 4058">
     <span class='ocr_line' id='line_1_38' title="bbox 0 0 1344 4058; baseline 0 0"><span class='ocrx_word' id='word_1_313' title='bbox 0 0 1344 4058; x_wconf 95' lang='lat' dir='ltr'> </span> 
     </span>
    </p>
   </div>
  </div>
 </body>
</html>
