2670 4058
375 229 608 288 TESTIMONIA.
645 229 781 287 FRAGM.
802 236 878 286 1-4,
1070 231 1133 296 109

220 373 448 432 FRAGMENTA
467 373 598 430 RERVM
617 371 816 430 GESTARVM
833 371 1026 434 LIBRORVM

511 479 566 538 EX
588 479 747 536 LIBROI

194 589 243 680 xl.
274 597 348 658 Geli.
375 595 503 671 V18,7
532 591 606 656 Cum
629 613 703 655 uero
726 613 786 654 non
809 613 864 674 per
888 557 980 656 annos
1004 595 1056 656 sed
1079 614 1133 674 per

116 685 182 746 dies
211 683 344 764 singulos
372 691 421 746 res'
449 691 549 764 gestae
581 682 767 764 scribuntur,
797 702 831 746 ea
864 683 987 745 historia
1020 683 1133 745 Graeco

7 791 8 804 ¹
117 773 265 836 uocabulo
279 771 422 854 ἐφημερὶς
436 773 559 852 dicitur,
578 774 664 834 cuius
679 771 817 834 Latinum
834 775 1133 852 interpretamentum

118 865 265 943 scriptum
289 870 335 924 est
358 865 389 924 iu
412 861 489 923 libro
515 861 674 941 Semproni
696 860 853 922 Asellionis
881 863 990 942 primo,
1013 881 1050 923 ex
1074 882 1133 942 quo

32 1021 34 1026 ,
117 951 195 1013 libro
217 951 304 1031 plura
328 950 420 1014 uerba
444 952 650 1031 ascripsimus,
674 958 708 1011 ut
729 949 817 1011 simul
835 949 959 1030 ibidem,
979 952 1050 1030 quid
1068 954 1159 1031 ipses

117 1043 197 1102 inter
211 1059 261 1102 res
275 1049 374 1120 gestas
389 1049 419 1102 et
432 1039 552 1101 annales
566 1058 631 1100 esse
642 1039 759 1120 dixerit,
769 1039 1008 1101 ostenderemus:
1023 1039 1133 1101 Verum

117 1133 281 1210 intereos,
300 1132 411 1210 inquit,
431 1131 483 1208 qui
504 1128 623 1190 annales
643 1128 812 1208 relinquere
830 1129 1005 1209 uoluissent,
1024 1137 1054 1189 et
1073 1147 1133 1208 eos,

118 1221 171 1299 qui
185 1237 234 1280 res
249 1225 347 1298 gestas
362 1237 378 1279 a
392 1218 533 1279 Romanis
551 1218 739 1297 perscribere
759 1219 858 1280 conati
877 1226 986 1299 essent,
1001 1220 1133 1280 omnium

117 1325 220 1370 rerum
234 1307 292 1369 boc
306 1307 455 1369 interfuit:
470 1306 590 1367 annales
604 1306 674 1366 libri
687 1303 803 1368 tantum
817 1307 905 1367 modo
917 1308 999 1386 quod
1013 1308 1134 1385 lactum,

118 1415 239 1477 quoque
262 1393 340 1457 anno
363 1404 480 1475 gestum
503 1397 550 1476 sit,
574 1411 607 1456 ea
632 1395 876 1457 demonstrabant
898 1397 948 1477 ita,
972 1398 1057 1476 quasi
1081 1399 1133 1476 qui
1147 1419 1173 1457 ιο

117 1487 246 1547 diarium
260 1485 410 1566 scribunt,
425 1503 514 1565 quam
529 1484 634 1546 Graeci
653 1483 817 1564 ἐφημερίδα
831 1493 948 1547 uocant
972 1485 1059 1546 nobis
1073 1504 1133 1548 uon

6 1565 11 1586 '
116 1575 205 1636 modo
220 1577 293 1636 satis
307 1593 373 1636 esse
388 1573 485 1654 uideo,
500 1574 580 1654 quod
595 1573 705 1636 factum
720 1580 808 1655 esset,
822 1573 852 1636 id
866 1576 1070 1654 pronuntiare,
1080 1575 1133 1635 sed

117 1666 216 1744 etiam,
230 1681 291 1743 quo
304 1662 428 1726 consilio
443 1681 561 1743 quaque
575 1665 690 1724 ratione
703 1670 787 1742 gesta
801 1671 910 1744 essent,
920 1663 1134 1726 demonstrare.

206 1749 239 1815 2.
262 1752 354 1814 Paulo
368 1759 436 1832 post
449 1753 528 1814 idem
542 1751 651 1813 Asellio
666 1754 698 1813 in
712 1751 816 1812 eodem
830 1750 919 1813 libro:
943 1751 1016 1814 Nam
1036 1769 1134 1833 neque

117 1842 285 1924 alacriores,
295 1844 401 1922 inquit,
412 1841 526 1902 adrem
540 1859 568 1920 p.
584 1840 803 1902 delendundam
819 1856 915 1920 neque
930 1844 1082 1921 segniores
1096 1841 1133 1903 ad
1148 1861 1173 1902 ιε

117 1949 182 1992 rem
195 1944 354 2012 perperam
368 1930 535 1992 faciundam
550 1929 671 1991 annales
685 1929 754 1990 libri
767 1947 955 1990 commouere
975 1933 1135 2009 quicquam

117 2027 252 2101 possunt.
277 2019 410 2082 scrihere
429 2027 529 2081 autem
548 2017 658 2079 bellum
677 2021 785 2080 initum
804 2037 863 2098 quo
882 2018 1005 2080 consule
1025 2027 1056 2080 et
1074 2037 1136 2098 quc

117 2109 293 2184 conlectum,
311 2112 351 2172 sit
374 2118 404 2170 et
432 2110 500 2187 quis
527 2107 716 2187 triumphans
744 2109 894 2169 introierit
920 2125 956 2170 ox
985 2127 1020 2168 eo
1047 2107 1134 2188 bello,

118 2217 254 2278 quaeque
276 2201 308 2260 in
330 2198 407 2260 hello
431 2205 514 2276 gesta
531 2199 600 2276 sint,
623 2199 731 2258 iterare
752 2195 795 2274 [id
815 2195 953 2276 tabulas],
971 2215 1031 2258 non
1050 2215 1133 2276 prae·

5 2315 13 2329 ·
117 2288 218 2348 dicare
241 2295 295 2350 aut
320 2286 530 2366 intereaqnid
558 2293 680 2347 senatus
707 2285 877 2347 decreuerit
904 2295 956 2348 eut
982 2303 1058 2366 quae
1086 2286 1134 2348 lex
1148 2307 1174 2346 eo

116 2379 271 2456 rogatione
299 2377 357 2437 lata
385 2378 438 2456 sit,
466 2393 564 2455 neque
596 2375 706 2454 quibus
734 2373 867 2436 consiliis
894 2392 930 2436 ea
959 2383 1042 2453 gesta
1074 2377 1135 2436 sint

120 2464 271 2569 [iteraret
308 2466 339 2527 id
371 2463 484 2526 fabulas
518 2467 621 2543 pueris
658 2472 703 2525 cst
735 2481 870 2545 narrare,
901 2481 961 2526 non
994 2465 1134 2526 historias

118 2553 260 2705 Μὼθῖἲξζ
280 2645 355 2704 Non.
369 2661 393 2705 s.
408 2661 437 2704 u.
452 2645 531 2708 bubo
545 2661 576 2720 p.
591 2641 655 2702 194
679 2640 787 2704 Asellio
807 2641 998 2704 historiarum
1017 2643 1093 2703 libro
1108 2643 1135 2703 l:

117 2731 157 2794 Et
171 2732 251 2812 quod
266 2730 346 2793 bubo
365 2733 396 2792 in
411 2731 548 2793 columna
567 2731 649 2792 aedis
664 2731 743 2793 louis
762 2730 870 2792 sedens
884 2740 1063 2812 conspectus
1079 2742 1132 2793 est.
1147 2750 1173 2792 ss

492 2884 547 2938 EX
572 2885 698 2940 LIBRO
722 2885 760 2940 Ill

208 2994 243 3060 3.
269 3000 422 3060 Ρνὲεοῑαη.
444 2998 471 3056 V
482 3017 512 3074 p.
527 2998 588 3058 182
606 2997 643 3058 H.
680 2997 789 3058 Asellio
820 3000 851 3058 in
874 2997 915 3059 lll
941 2999 1134 3059 historiarum

5 3079 13 3102 ⁸
118 3087 332 3149 aduerbiuliter
355 3088 419 3148 sine
440 3081 530 3166 ‘que'
553 3086 672 3147 extulit:
701 3086 737 3146 Vt
759 3087 826 3148 lieri
849 3087 925 3148 solet
946 3087 1077 3168 plerum,
1100 3094 1134 3146 ut

118 3179 150 3238 in
175 3178 302 3238 uictoria
325 3177 426 3237 mitior
449 3177 691 3254 mansuetiorque
714 3176 772 3236 fiet.

489 3329 544 3384 EX
567 3327 694 3384 LIBRO
713 3327 766 3382 llll

208 3437 243 3504 4.
268 3445 343 3505 Non.
353 3461 376 3504 s.
387 3461 416 3503 u.
423 3447 568 3519 plisct'tur
575 3461 609 3520 p.
619 3442 682 3502 481
702 3441 897 3521 Sempronius
907 3441 1015 3504 Asellio
1030 3443 1132 3504 histor.
1147 3465 1174 3504 eo

116 3532 168 3593 lib.
187 3531 256 3593 llll:
282 3529 317 3592 Vt
340 3534 434 3593 maior
456 3532 568 3592 inuidia
587 3529 699 3610 Lepido
722 3531 907 3610 glisceretur.
936 3525 993 3615 (M.
1009 3535 1134 3594 Acutilio

117 3623 234 3700 Lepido
250 3623 404 3684 Porctoue
420 3639 479 3699 pro
498 3637 579 3683 coos.
600 3639 627 3680 o.
643 3619 714 3679 136.
736 3617 831 3698 6181)
