2670 4058
491 241 720 302 FRAGMENTA
739 248 836 300 2-20.
1107 244 1171 310 101

156 393 300 476 uirgulta,
328 402 407 456 tecta
434 402 618 474 peruertere.
660 401 690 455 et
717 413 787 454 eum
813 393 992 456 admiratum
1020 396 1173 472 quaesisse

158 484 194 545 de
218 484 289 566 deo,
312 484 461 564 quodnam
484 483 556 546 illud
581 491 660 544 esset
682 483 742 544 tale
764 491 945 566 monstrum,
969 491 998 544 ct
1020 484 1108 544 deum
1126 501 1172 544 re-

29 628 33 636 .
158 573 323 655 spondisse,
336 575 508 634 uastitatem
522 590 588 634 esse
600 571 710 654 ltaliae,
724 574 971 652 praecepisscque
986 579 1020 633 ut
1034 579 1173 652 pergeret

157 665 308 744 protinus,
328 662 399 742 quid
423 663 505 723 retro
528 670 617 741 atque
640 680 657 722 a
680 668 764 741 tergo
787 661 885 744 tieret,
909 681 947 724 ne
969 660 1127 724 laboraret.
1183 713 1235 764 218

248 754 307 824 12.
335 762 452 822 (Ikaria
468 761 508 821 II
514 779 544 838 p.
559 759 628 820 203
640 762 679 821 K.
704 758 821 822 Coelius
835 759 1027 822 historiarum
1042 759 1068 822 l:
1088 759 1235 853 Sem-ff

157 851 283 929 pronius
306 849 445 930 Lilybaeo
469 849 600 912 celocem
618 850 650 910 in
669 848 797 910 Africam
815 849 921 931 mittit,
945 851 1045 910 uisere
1064 847 1172 931 locum,
1291 853 1294 858 '

157 938 209 1000 ubi
232 941 398 1000 exercitum
421 947 556 1019 exponat.

249 1023 332 1090 13²².
356 1031 433 1091 Ptin.
448 1047 476 1090 u.
486 1031 514 1090 b.
531 1026 656 1089 111132
678 1026 761 1106 Alpis
776 1027 807 1087 in
821 1026 1038 1106 longitudinem
1052 1027 1173 1088 deciens

158 1117 283 1178 centena
306 1116 387 1179 milia
414 1135 556 1197 passuum
585 1124 686 1196 patere
709 1135 725 1176 a
749 1133 861 1195 supero
885 1118 960 1177 mari
983 1116 1020 1177 ad
1043 1116 1173 1177 inferum

158 1206 275 1268 Caelius
298 1207 397 1269 tradit.
465 1250 468 1258 .
1188 1219 1214 1259 ιο

249 1290 333 1358 14*.
356 1297 423 1357 Liu.
442 1295 529 1356 XXI
542 1295 594 1371 38,
616 1296 637 1355 7
662 1293 787 1356 l'aurini
809 1293 918 1356 Galliae
938 1309 1083 1374 proxuma
1100 1311 1176 1373 gens

159 1394 222 1446 erat
251 1387 282 1445 iu
313 1384 426 1446 ltuliam
458 1385 607 1464 degresso.
649 1384 678 1444 id
707 1401 775 1447 cum
805 1385 885 1444 iuter
914 1401 1018 1445 omncs
1049 1391 1174 1465 constet,

158 1491 194 1534 eo
218 1475 311 1553 magis
332 1477 427 1534 miror
450 1473 571 1554 ambigi,
596 1491 722 1552 quanm
745 1472 828 1552 Alpis
851 1474 1012 1552 transierit,
1035 1479 1064 1533 et
1083 1472 1175 1551 uulgo

159 1562 282 1624 credere
296 1561 431 1624 Poenino
444 1557 546 1644 (atque
561 1561 629 1624 inde
644 1579 752 1624 nomen
772 1564 800 1623 ei
814 1564 883 1642 iugo
898 1561 1016 1642 Alpium
1030 1557 1175 1643 inditum)

158 1659 377 1731 transgressum
404 1650 647 1732 [Hannibalem]‚
671 1650 804 1713 Coelium
821 1669 877 1730 per
896 1651 1051 1713 Cremonis
1070 1649 1235 1730 iugum&

159 1741 259 1801 dicere
281 1743 435 1802 transisse.
1183 1729 1235 1788 536

249 1823 307 1890 15.
335 1831 452 1891 uberte.
469 1830 507 1891 II
513 1848 545 1907 p.
558 1829 675 1891 203K.
704 1827 822 1890 Coelius
840 1828 1033 1890 historiarum
1052 1829 1078 1891 1:
1097 1829 1174 1890 Duro-

158 1917 279 1978 deciens
304 1931 323 1978 c
346 1917 428 1979 mllia
450 1937 591 1998 passuum
615 1917 710 1996 longe.
734 1910 789 2000 (os.
805 1918 908 1994 Polyb.
924 1919 981 1979 III
991 1915 1057 2002 39.)

250 2010 307 2078 16.
336 2017 475 2078 Macrob.
495 2024 629 2093 excerpt.
650 2015 722 2076 Bob.
749 2015 776 2074 V
786 2034 818 2092 p.
839 2015 901 2076 651
921 2019 958 2076 X.
1000 2016 1119 2077 Coelius
1142 2018 1174 2076 iu

158 2107 268 2184 primo:
293 2101 365 2166 ‘illis
380 2105 496 2166 lucilius
511 2112 556 2166 est
570 2103 681 2165 bellum
695 2100 845 2185 tractare’,
854 2104 911 2165 hoc
923 2113 968 2165 est
979 2105 1030 2166 diu
1045 2105 1173 2166 trahere.
1187 2128 1214 2168 ao

249 2195 332 2265 17*.
356 2203 423 2264 Liu.
438 2203 525 2264 XXI
534 2202 588 2278 43,
603 2202 648 2262 10
669 2201 787 2262 Seruati
806 2203 937 2264 consulis
958 2201 1005 2280 [P.
1021 2201 1235 2282 Sulpiona'sffl

159 2295 191 2352 in
196 2295 315 2369 proelio
329 2289 762 2370 uolumudecusuoeuusad
772 2309 893 2352 seruum
902 2294 1020 2352 natione
1030 2290 1171 2371 Ligurem
1183 2291 1234 2340 ⁶36

158 2380 286 2459 delegat:
304 2380 404 2441 malim
424 2380 562 2460 equidem
582 2381 618 2441 de
638 2378 698 2441 lilio
718 2399 823 2441 uerum
839 2399 918 2463 csse,
934 2381 1012 2462 quod
1027 2389 1057 2442 et
1070 2381 1173 2463 plures

158 2469 308 2530 tradidere
332 2478 470 2531 auctores
494 2469 623 2530 etfama
646 2471 784 2549 optinuit.
1181 2522 1234 2571 218

250 2553 333 2620 18²⁸.
361 2559 429 2620 Itu.
448 2558 535 2619 XXI
548 2558 646 2632 um
677 2557 795 2619 Coelius
821 2565 927 2620 auctor
950 2567 996 2620 est
1018 2557 1236 2662 Magonemff

160 2645 244 2724 [post
255 2651 407 2724 proelium
425 2644 595 2725 Ticineuse]
619 2665 688 2708 cum
707 2649 842 2726 equitatu
861 2656 891 2709 et
909 2647 1048 2728 Hispanis
1066 2650 1172 2728 pediti-

157 2734 215 2796 bus
242 2733 354 2797 ilumen
383 2735 529 2815 extemplo
557 2744 742 2817 transaassc3
769 2737 867 2815 ipsum
895 2735 1090 2798 Hannibalem
1118 2756 1173 2817 per

159 2826 313 2902 superiora
343 2823 416 2886 Padi
445 2824 521 2885 uada
551 2827 715 2886 exercitum
746 2825 915 2886 traduxisse
945 2825 1110 2908 elephantis
1140 2828 1172 2887 in

158 2912 294 2974 ordinem
316 2913 352 2974 ad
377 2913 584 2990 sustinendum
606 2916 751 2994 impetum
774 2914 905 2976 lluminis
929 2918 1082 2995 oppositis.

248 3003 333 3073 19²⁸.
361 3011 421 3073 etc.
441 3013 469 3073 d.
489 3013 571 3074 deor.
593 3018 655 3073 not.
671 3011 784 3087 1138
807 3010 837 3073 C.
856 3010 1034 3074 Flaminium
1055 2986 1235 3075 coeliu'sffl

156 3098 300 3178 religione
325 3099 459 3180 neglecta
478 3100 622 3161 cecidisse
645 3100 722 3179 apud
742 3101 960 3164 Trasumenum
979 3101 1084 3164 scribit
1103 3076 1235 3164 cum⁵³⁷

157 3206 264 3268 magno
287 3191 332 3249 rei
355 3187 491 3269 publicae
516 3188 648 3250 uulnere.

247 3272 331 3340 2022
368 3278 464 3340 Cicer.
489 3281 527 3339 de
545 3280 606 3339 diu.
627 3279 719 3354 135,
744 3277 790 3339 77
821 3275 921 3349 Quid?
951 3278 1029 3340 bello
1057 3253 1235 3342 Punico²-¹-⁷-

158 3366 291 3428 secundo
314 3385 413 3429 nonne
437 3366 467 3429 C.
488 3365 651 3430 Flaminius
675 3367 778 3430 consul
802 3369 912 3430 iterum
935 3367 1065 3447 neglexit
1089 3341 1233 3448 signa⁶³⁷

156 3472 259 3516 rerum
270 3455 452 3518 ‘futurarum
470 3471 576 3534 magua
595 3473 664 3516 cum
678 3456 761 3518 clade
775 3454 993 3535 reipublicae?
1016 3459 1069 3538 qui
1087 3477 1171 3522 exer·
1185 3481 1212 3521 es

156 3545 224 3608 citu*
233 3543 360 3606 lustrato
375 3563 445 3606 cum
458 3545 610 3609 Arretium
629 3563 736 3607 uersus
754 3552 849 3607 castra
864 3549 1010 3608 mouisset
1023 3554 1054 3608 et
1067 3555 1172 3608 contra

155 3630 350 3698 Hannibalem
374 3633 506 3714 legiones
530 3634 667 3715 duceret,
695 3643 725 3696 et
753 3637 817 3713 ipse
843 3644 873 3696 et
896 3653 991 3715 equus
1014 3638 1080 3698 eius
1103 3643 1172 3696 ante
