2620 4054
185 194 251 260 320
278 193 307 249 0.
325 193 497 250 FANNIVS.
526 193 583 248 CN.
602 190 731 249 OO'I'AV.
751 181 1074 248 TITINI'GAPITONIS
1099 191 1203 248 TEST.

512 452 554 538 0.
600 445 879 540 FANNIVS

563 599 822 654 TESTIMONIVM

153 708 186 778 l.
211 718 288 776 Plio.
303 734 347 792 ep.
370 714 436 788 Vd,
450 714 470 774 1
485 713 558 791 [sor.
573 733 601 775 a.
611 714 685 775 105.
700 713 764 774 858
778 717 830 776 uel
840 713 916 774 106.
931 712 1010 791 859]
1026 713 1204 776 Nuntiatum

188 803 260 865 mibi
288 810 334 864 est
362 803 393 864 C.
416 801 562 864 Fannium
591 803 770 880 decessisse,
802 804 855 881 qui
887 805 1009 864 nuntius
1041 821 1088 864 me
1116 805 1205 883 graui

188 892 290 955 dolore
313 891 460 973 confudit,
487 893 617 972 primum
641 891 720 972 qnod
743 892 841 952 amani
863 891 1013 953 bominem
1036 891 1204 972 elegantem

186 981 343 1063 disertum,
366 980 473 1042 deinde
497 980 576 1060 quod
595 981 710 1066 iudicio
729 983 794 1042 eius
811 981 858 1042 uti
877 979 1015 1043 solebam.
1040 984 1205 1043 eratenim

188 1079 294 1132 acutus
317 1079 432 1151 natura,
456 1087 513 1131 usu
535 1072 725 1152 exercitatus,
748 1071 875 1131 ueritate
893 1071 1144 1152 promptissimus.
1162 1085 1234 1128 -s

189 1159 242 1221 sed
265 1159 322 1222 boc
345 1167 508 1239 utcumque
532 1158 693 1240 tolerabile,
712 1159 835 1238 grauius
857 1157 940 1240 illud,
963 1159 1043 1240 quod
1065 1160 1205 1240 pulcher·

189 1252 298 1311 rimum
322 1267 397 1328 opus
420 1247 628 1328 imperfectum
655 1247 784 1327 rebquit.
813 1251 950 1328 quamuis
979 1251 1058 1310 enim
1081 1249 1205 1328 agendis

189 1340 287 1400 causis
306 1337 545 1418 distringeretur,
564 1336 713 1400 scribebat
731 1345 831 1398 tamen
850 1339 948 1399 exitus
966 1340 1133 1399 occisorum
1153 1345 1205 1399 aut

189 1426 389 1506 relegatorum
412 1444 428 1487 a
451 1423 569 1487 Nerone
593 1433 623 1488 et
645 1429 704 1487 iam
727 1434 790 1487 tres
813 1425 905 1487 libros
929 1425 1110 1508 absoluerat,
1135 1426 1204 1493 sub-

190 1514 257 1577 tiles
280 1523 310 1576 et
333 1515 489 1595 diligentes
516 1523 546 1576 et
573 1514 682 1576 latinos
703 1523 791 1595 atque
814 1517 894 1576 inter
921 1533 1089 1577 sermonem
1112 1515 1204 1578 histo·
1220 1534 1247 1574 ιο

190 1607 324 1684 riamque
340 1604 462 1682 medios,
477 1611 612 1666 ac.tanto
630 1607 725 1684 magis
744 1603 874 1683 reliquos
892 1605 1037 1684 perlicere
1056 1604 1205 1686 cupiebat,

191 1701 301 1772 quanto
314 1693 502 1772 frequentius
515 1692 547 1754 hi
560 1692 923 1755 nectabantur-Galus
938 1694 1059 1774 quidem
1073 1693 1205 1757 Fannius
1302 1707 1305 1728 ⁴

191 1780 270 1861 quod
298 1782 418 1862 accidit,
445 1781 538 1844 mtrlto
566 1789 634 1843 ante
662 1783 835 1862 praesensit.
870 1785 958 1844 nisus
991 1791 1037 1844 est
1064 1783 1122 1845 sibi
1150 1801 1205 1863 per

190 1878 368 1932 nocturnam
395 1872 526 1951 quietem
555 1873 652 1933 iacere
679 1873 710 1932 in
738 1870 847 1934 lectulo
876 1889 929 1934 suo
962 1875 1146 1952 compositus
1174 1875 1204 1932 in
1304 1877 1305 1904 l

190 1959 324 2022 habitum
349 1960 509 2042 studentis,
532 1960 642 2022 habere
666 1968 734 2022 ante
758 1978 790 2022 se
814 1963 959 2024 scrinium
982 1955 1038 2046 (ita
1062 1957 1204 2041 solebat):
1219 1977 1245 2018 ιε

191 2067 259 2111 mox
282 2051 460 2129 imegInatus
476 2060 534 2132 ,est
562 2051 682 2112 uenisse
705 2049 867 2132 Neronem,
895 2053 927 2112 in
955 2059 1021 2112 toro
1048 2049 1205 2129 resedisse,

191 2140 374 2217 prompsisse
397 2139 527 2218 primum
549 2137 673 2219 librum,
697 2157 786 2218 quem
809 2139 846 2202 de
869 2139 1034 2202 sceleribus
1057 2141 1122 2201 eius
1145 2139 1205 2200 edi·
1304 2211 1305 2218 ἵ

191 2227 289 2307 derat,
312 2245 440 2306 eumque
464 2226 500 2290 ad
523 2235 692 2289 extremum
714 2227 894 2309 redoluisse,
917 2227 995 2290 idem
1019 2231 1050 2290 in
1073 2227 1205 2290 secundo
1301 2243 1305 2334 p

191 2333 225 2376 ac
248 2317 338 2376 tertio
360 2315 481 2397 secisse,
504 2324 568 2378 tum
592 2315 709 2378 abesses
730 2319 850 2396 expauit
872 2324 903 2377 et
925 2318 969 2378 sic
991 2318 1205 2395 interpretatus
1304 2335 1305 2340 ¹

192 2412 251 2483 est,
273 2411 423 2484 tamquam
446 2405 525 2466 idem
549 2404 606 2467 sibi
629 2406 749 2466 iuturus
772 2412 852 2466 esset
875 2404 1026 2466 scribendi
1048 2404 1130 2487 finis,
1152 2407 1205 2486 qui
1219 2424 1251 2486 so¹

192 2492 298 2554 luisset
321 2492 363 2554 illi
386 2493 512 2574 legendi,
536 2502 566 2556 et
590 2495 646 2555 luit
669 2493 756 2555 idem.

283 2689 361 2778 ou.
394 2689 645 2780 oorlvrvs
662 2679 899 2782 ‘rnmns
932 2692 1118 2782 olrico

588 2840 813 2898 TESTIMONIA

160 2936 192 3007 l.
210 2948 261 3012 ,Ao
289 2949 424 3023 epistulis
447 2947 633 3021 Domitiano,
657 2948 793 3020 Neruae,
819 2945 966 3024 Τναίαηο,
994 2950 1055 3008 uid.
1084 2964 1205 3010 cursum

193 3037 342 3096 honorum
360 3037 392 3095 in
412 3037 455 3094 tit.
475 3035 565 3097 Orell.
579 3035 652 3116 801,
667 3036 832 3098 Mommsen
856 3039 887 3097 in
911 3038 972 3097 ind.
988 3035 1065 3097 Plio.
1084 3055 1116 3114 p.
1132 3035 1204 3096 427.
1295 3045 1305 3084 o

160 3115 193 3185 2.
218 3125 296 3186 Plio.
318 3124 400 3183 VIII
409 3123 449 3184 12
465 3121 539 3202 [sor.
553 3144 582 3186 a.
597 3124 669 3185 108.
684 3124 748 3186 861
762 3128 814 3186 uel
826 3121 932 3201 iosap]
953 3123 1143 3185 Recitaturus
1161 3129 1205 3184 est

195 3211 323 3273 Titinius
343 3211 459 3294 Capito,
483 3231 571 3292 quem
595 3230 649 3293 ego
673 3213 776 3276 audite
795 3214 897 3274 nescio
916 3214 1008 3292 magis
1028 3211 1151 3273 debeam
1170 3230 1242 3275 aner

195 3302 320 3380 cupiam.
358 3303 406 3363 uir
430 3309 475 3362 est
499 3304 628 3380 optimus
652 3309 682 3363 et
705 3305 784 3364 iuter
806 3303 966 3381 praecipua
989 3300 1101 3362 saeculi
1124 3320 1204 3363 orna·

194 3396 293 3449 menta
324 3390 539 3452 numerandus:
572 3390 643 3452 colit
670 3391 781 3472 studia,
814 3390 963 3451 studiosos
995 3399 1086 3471 amat,
1118 3391 1205 3472 louet,
1304 3407 1305 3450 3

194 3476 342 3558 prouehit,
357 3481 546 3557 —ipsarum
565 3478 694 3559 denique
718 3479 884 3541 litterarum
908 3481 966 3540 iam
990 3483 1205 3542 senescentium

195 3564 337 3627 reductor
360 3585 393 3628 ao
417 3568 601 3630 reformator.
627 3602 667 3613 -
693 3568 868 3630 sollicitarer
895 3575 994 3630 tamen
1018 3568 1067 3630 uel
1090 3571 1204 3648 ingenio
