2640 4052
195 196 288 252 XXIV
594 196 812 253 ADNOTATIO

197 341 317 395 Palmer.
333 341 339 408 Ι
355 345 371 395 8
389 336 575 409 porreoissem
597 341 668 394 coni.
688 339 805 395 Palmer.
833 339 1018 410 proiecissent
1037 341 1208 413 8010100011

198 419 229 467 11
249 412 355 467 fascem
377 411 452 465 tetri.
475 409 599 466 fssoeem
623 410 778 480 8010110001.
797 411 806 480 ΙΙ
824 409 882 466 218
897 413 903 480 Ι
918 417 952 465 31
971 411 1029 466 illis
1053 411 1212 468 uberiorem

197 481 331 554 perduxit
357 481 465 538 Iordan
495 480 609 552 Topopr.
628 483 655 536 d.
675 482 758 538 Stadt
775 482 847 538 Rom
865 481 963 551 Ilp.
982 487 1047 548 465,
1074 483 1211 540 illiobrio-

196 573 258 610 rum
269 595 381 610 .......
393 552 459 607 dixi
478 554 535 608 cod.
550 555 560 624 1
574 552 628 608 211
646 558 650 618 l
667 559 683 607 8
698 553 736 607 ad
749 553 926 609 deiciendum
940 554 1105 609 tuitionibus
1120 555 1209 626 caddl

199 631 231 680 10
250 624 379 680 inuideat
396 625 426 678 et
444 623 585 694 ptolemeo
604 623 653 696 qui
670 624 728 678 inm
746 623 826 680 Leid.
850 625 932 692 Wolf.
954 625 1082 680 inuideat
1099 625 1211 695 plemeo

196 697 280 752 simul
297 696 355 750 iem
374 695 480 760 Harl.¹,
502 695 647 750 tholomeo
667 695 716 764 qui
734 695 819 750 simul
836 696 894 750 inm
912 694 1009 752 Hart'
1027 713 1076 750 sec.
1098 697 1212 752 Ortionis.

195 768 323 822 inuideat
345 768 375 822 et
395 766 507 836 plemeo
535 770 608 834 (curn
630 768 709 836 sipno
731 769 824 822 mendi
851 772 876 820 01
905 769 991 822 unius
1017 769 1096 822 uerbi
1120 769 1211 836 spatio

196 839 351 906 simulism)
369 838 460 894 Paris.
475 854 522 907 pr.
539 843 543 903 l
562 844 594 891 12
615 838 755 892 connitere
783 839 853 894 coni.
878 839 995 894 Mercer.
1012 838 1017 909 Ι
1033 843 1068 892 14
1092 839 1212 894 Atilium

199 912 250 965 del.
277 910 449 965 Perizonius.
463 907 544 977 11278
560 911 565 977 Ι
583 914 615 964 15
635 909 732 964 Prima
753 910 837 964 editio
860 909 977 964 Astomi
998 911 1080 964 etiam
1102 910 1153 966 lmc
1173 911 1211 977 fr.

196 981 366 1036 Fenestellae
392 981 485 1036 addit:
515 979 675 1034 Fenestella
698 979 813 1049 quidem
834 980 929 1050 posuit
950 981 1023 1034 hano
1044 980 1158 1051 [contra
1175 981 1210 1035 L.

198 1053 346 1122 Pisonem]
363 1052 437 1106 inter
461 1067 509 1106 ees
533 1051 687 1118 orationes,
717 1068 787 1120 ques
815 1051 887 1106 dixit
909 1049 1006 1107 Cicero
1029 1051 1060 1107 1..
1086 1051 1211 1109 Domitio

198 1123 292 1194 Appio
307 1122 424 1178 Claudio
439 1139 519 1189 coss,
537 1120 675 1177 ultimum.
695 1120 862 1178 Fenestellae
880 1129 970 1177 autem
987 1139 1085 1177 nornen
1103 1124 1135 1177 in
1152 1123 1211 1178 sola

195 1197 236 1251 ed.
258 1212 305 1265 pr.
334 1195 497 1258 anctoritate
524 1195 634 1260 nititur,
658 1195 689 1247 in
711 1193 866 1263 Kiesslinpi
883 1199 909 1249 et
931 1193 1047 1248 Scitoelli
1071 1195 1211 1250 codicibus

234 1268 317 1336 inque
335 1267 490 1320 litterarum
507 1265 609 1319 lacuna
627 1265 686 1319 eius
699 1265 757 1320 loco
770 1270 823 1330 est;
840 1268 933 1335 itaque
950 1267 981 1318 li
997 1266 1057 1320 uiri
1070 1266 1143 1320 docti
1151 1271 1210 1334 p.1

213 1337 263 1392 ‘iro
290 1338 323 1391 in
346 1341 474 1390 cmdentu
497 1341 650 1404 penserunt
672 1337 752 1390 etin
775 1337 867 1391 adnot.
891 1337 1097 1405 adscripserant
1120 1337 1211 1406 possis

196 1408 283 1464 etiem
300 1407 404 1477 Nepos.
431 1408 476 1462 lsic
493 1412 584 1462 tamen
606 1423 742 1477 nusquam
760 1409 794 1462 ab
813 1409 934 1463 Asconio
952 1409 1053 1463 citatius
1071 1413 1124 1475 est,
1144 1407 1210 1462 Tira

196 1495 252 1534 uno
271 1481 327 1534 loco
343 1496 372 1548 p.
383 1479 474 1545 4311,
493 1479 536 1532 ita
552 1482 584 1533 ut
598 1480 678 1547 plene
695 1479 865 1559 siqnificetnr
884 1477 959 1548 opud
975 1478 1107 1532 Tironem
1127 1477 1210 1533 liber-

195 1555 257 1605 tum
276 1549 418 1604 Ciceronis
436 1549 467 1603 in
484 1549 558 1604 libro
577 1550 631 1604 1111
650 1549 684 1604 de
702 1553 765 1604 mm
787 1550 854 1606 eius.
874 1549 992 1619 Saepius
1016 1555 1107 1604 tannen
1124 1550 1209 1604 Asca·

195 1624 261 1677 nius
284 1620 464 1676 Fenestellam
492 1621 602 1676 adlidet
627 1622 698 1686 (uid.
723 1622 877 1690 Kiesslinpi
898 1622 990 1690 praef.
1011 1637 1041 1689 p.
1062 1621 1135 1674 XII
1149 1629 1209 1690 sp),

196 1681 291 1763 idque,
336 1692 542 1747 uernedmodum
574 1693 656 1747 etiam
677 1694 727 1746 hac
753 1694 824 1758 loco,
851 1695 907 1759 ita,
941 1698 973 1745 ut
1009 1707 1070 1746 eum
1103 1692 1210 1758 refutet.

199 1767 292 1834 itaque
335 1764 475 1818 enestellae
492 1778 590 1818 nornen
607 1764 652 1818 liic
669 1764 839 1819 intercidisse
856 1764 957 1818 malim.
978 1761 1113 1818 Forsitan
1127 1765 1209 1818 etium

191 1852 223 1904 p.
243 1839 289 1901 62,
308 1840 327 1890 8
351 1835 469 1890 ducilem
487 1834 672 1906 srapmmtum
690 1836 788 1901 lateat,
806 1839 838 1888 nt
858 1834 998 1904 Kiesslinp
1016 1835 1123 1893 conicit.
1148 1836 1153 1902 l
1176 1839 1209 1888 22
1314 1853 1315 1856 ’

195 1907 296 1961 Lrlros
328 1905 420 1960 Verrii
446 1904 549 1960 Flacci
577 1905 694 1960 ‘Rerum
720 1907 850 1960 memmio
876 1904 1040 1975 dipnarum'
1070 1906 1150 1959 omisi
1177 1911 1209 1960 ut

195 1979 300 2046 sabulis
327 1977 504 2047 minut-iisque
529 1978 657 2045 refertam
683 1978 719 2045 cf.
749 1976 928 2033 (1111001101
951 1976 1043 2046 praefi
1071 1977 1109 2030 ad
1132 1974 1208 2031 Fest.

191 2067 222 2120 p.
235 2047 327 2102 XIII.
345 2049 349 2116 Ι
365 2048 596 2104 istrianorum
613 2050 671 2104 aod.
689 2049 788 2102 Pauca
805 2049 939 2117 quaedam
957 2065 990 2102 en
1008 2048 1098 2102 codice
1115 2063 1209 2102 secum

196 2123 263 2176 dum
286 2119 493 2175 Herrmannum
516 2120 694 2187 adimitis
712 2117 841 2173 Tarchon
866 2119 896 2172 0.
917 2119 1037 2174 Mueller
1054 2118 1146 2186 praes.
1172 2119 1210 2174 ad

196 2192 272 2248 Fert.
289 2209 317 2260 p.
338 2191 438 2245 XIII.
453 2192 464 2259 l
477 2191 534 2246 288
550 2192 554 2258 Ι
571 2197 587 2245 6
606 2188 730 2260 saepius]
751 2189 868 2245 Sabinos
887 2189 1036 2258 Scltwepler
1052 2189 1115 2242 list.
1129 2189 1208 2243 Rom.

195 2264 280 2332 Hp.
300 2267 345 2317 89.
366 2264 376 2331 l
397 2261 525 2330 281124
549 2262 684 2317 Videntur
706 2262 789 2316 etiam
810 2278 843 2315 ea
865 2277 934 2330 quae
957 2264 1086 2314 secuntur
1108 2261 1141 2313 in
1157 2261 1210 2316 Irae

197 2334 377 2404 paraprapto
395 2339 420 2388 et
438 2338 478 2389 25
495 2337 578 2388 0126
596 2349 631 2386 ce
649 2333 763 2402 Hypino
785 2333 912 2400 clusisse,
936 2331 1053 2397 fortasse
1075 2332 1211 2400 quaedam

198 2408 280 2462 etiam
301 2407 334 2459 in
356 2404 395 2459 eis
416 2421 487 2474 quae
505 2409 563 2457 tum
580 2408 710 2458 secuntur
723 2404 920 2472 parapraplis.
943 2403 953 2472 1
971 2401 1098 2470 282127
1116 2401 1211 2458 Aulon

197 2479 240 2531 est
255 2477 423 2542 Masuicius,
436 2474 531 2529 Aulon
547 2489 604 2528 non
622 2476 666 2528 est
678 2475 836 2540 Burmann,
854 2491 872 2528 e
890 2473 946 2528 coli
958 2476 1005 2539 (=
1015 2474 1102 2542 cauli)
1119 2474 1209 2528 nomi·

197 2550 294 2603 netum
321 2548 366 2602 est
384 2545 436 2600 Fr.
456 2544 560 2600 Schoell
577 2560 623 2614 ap.
644 2545 865 2611 Τ1111011001.131
884 2546 1001 2612 fortasse
1027 2546 1205 2614 mutuaturi

196 2619 253 2674 288
269 2621 274 2687 Ι
291 2624 324 2675 18
342 2619 442 2673 rectius
466 2611 575 2687 ἐκείνῳ,
594 2616 628 2681 cs.
648 2621 704 2670 test.
724 2621 749 2670 4.
763 2619 773 2684 ΙΙ
786 2616 840 2671 287
858 2617 863 2686 1
881 2622 914 2670 19
932 2616 1088 2671 imitatores
1104 2616 1207 2671 Mona

195 2692 283 2746 censis
298 2694 303 2759 Ι
318 2704 378 2743 rem
449 2685 493 2740 nti
511 2688 568 2742 cod.
581 2686 738 2756 Bomberp,
757 2687 864 2742 remitti
877 2686 1127 2757 Arpentoratensis,
1143 2686 1209 2742 Gre-

195 2761 269 2817 muti
286 2760 396 2829 Nipper
466 2773 558 2826 opusc.
574 2775 604 2827 p.
623 2763 677 2813 409
691 2774 743 2827 sq,
756 2760 857 2828 recepit
874 2759 975 2826 Halm,
1000 2760 1052 2814 ulii
1070 2758 1209 2824 dubitant,

196 2839 227 2888 ut
249 2830 405 2897 Bennett
443 2827 640 2895 88190126
668 2831 810 2886 asteriscos
832 2832 925 2898 ernist,
947 2830 1108 2902 potuim
1127 2834 1208 2886 0121

195 2905 225 2959 lsi
261 2903 315 2958 loci
340 2901 372 2954 in
397 2900 589 2955 historicorum
615 2903 777 2956 testimoniis
800 2907 954 2971 ponuntur.
977 2904 987 2970 ΙΙ
1010 2901 1088 2969 2881
1112 2906 1147 2954 34
1174 2917 1208 2956 so

196 2975 319 3030 alienum
342 2971 421 3038 libri,
447 2987 465 3026 e
488 2971 610 3026 Catilina
634 2970 912 3043 0118109121]
933 2976 939 3042 t
964 2978 978 3026 1
1001 2973 1078 3027 Num
1104 2972 1209 3028 Tuccius

197 3051 267 3100 recte
285 3045 317 3097 in
334 3042 473 3097 lsistorim's
492 3045 601 3111 positus
618 3045 669 3110 sit,
686 3045 821 3099 incertum
838 3051 892 3111 est,·
909 3045 1029 3112 forsitan
1047 3044 1109 3112 quis
1127 3042 1206 3098 Sene·

196 3132 244 3172 000
271 3113 437 3168 historicum
462 3115 543 3169 aliter
570 3117 770 3184 interpretetur.
787 3118 791 3180 Ι
809 3121 842 3170 19
859 3117 904 3171 De
926 3115 1065 3172 Gaetulici
1091 3113 1208 3174 nunna

195 3187 305 3242 dubitat
326 3183 358 3238 0.
377 3184 457 3238 Jaltn
474 3186 512 3241 ad
530 3185 604 3241 Pers.
619 3203 650 3255 p.
667 3185 818 3241 CXLVII
820 3207 831 3252 ;
853 3188 889 3254 cf.
907 3188 940 3241 de
962 3187 1021 3240 eius
1038 3185 1209 3240 camninilus

198 3257 312 3324 Teuffel,
329 3256 392 3310 list.
412 3257 464 3312 litt.
483 3255 577 3312 Rorm⁴
589 3273 621 3326 p.
641 3261 704 3313 656.
723 3261 733 3327 l
751 3256 860 3327 28511
879 3259 1004 3316 alterum,
1017 3256 1135 3310 inseruit
1156 3255 1207 3311 Vr-

194 3329 284 3396 sinus,
297 3325 463 3382 Cleudieum
476 3327 557 3384 Rom.
574 3329 579 3397 l
595 3334 629 3382 33
645 3326 689 3382 CL
708 3329 780 3384 libri.
795 3329 873 3399 1281
892 3330 896 3396 Ι
914 3325 1029 3393 1110010,
1042 3331 1074 3380 ut
1087 3327 1207 3394 uidetur,

194 3401 243 3454 lios
261 3400 356 3454 titulos
374 3400 413 3456 ad
430 3401 589 3470 scriptorem
606 3401 713 3456 rettulit
730 3400 807 3455 Item.
822 3399 939 3455 Helbncr
953 3397 1048 3453 Herm.
1066 3397 1088 3451 I
1096 3415 1126 3467 p.
1137 3401 1206 3467 397,-

195 3471 256 3525 uid.
276 3472 428 3528 Mommsen
450 3473 488 3526 ad
507 3471 594 3527 Salin.
614 3472 706 3541 praef.
720 3488 752 3540 p.
769 3470 876 3536 XVII,
894 3471 944 3540 qni
961 3488 987 3524 a.
1006 3473 1051 3526 49.
1070 3475 1128 3526 802
1147 3487 1208 3526 eum

195 3542 297 3598 limum
314 3559 395 3598 sunm
412 3543 610 3610 chronicorum,
628 3559 682 3612 pua
694 3548 792 3612 pastea
810 3541 923 3596 Solinus
941 3557 1008 3596 usus
1026 3546 1073 3607 est,
1091 3543 1207 3598 edidisse

195 3615 316 3671 coniecit.
335 3614 434 3670 Etiam
454 3613 612 3670 ‘Broocum’
632 3615 768 3684 quendem
786 3629 842 3669 non
860 3613 963 3669 molum
983 3614 1114 3670 rhetorem
1130 3615 1208 3684 apsrd
