2638 4056
174 234 244 304 200
306 249 311 294 1
329 187 337 202 ι
496 232 527 299 Q.
547 229 647 287 Anuli
665 229 874 286 uvssnnonls

176 386 257 446 rium
267 384 419 446 accusauit
428 400 484 444 uec
495 382 624 461 optinuit
638 380 716 460 apud
729 379 834 442 Gaium
844 379 1009 440 Caesarem.
1018 411 1063 422 -
1072 377 1196 439 Tubero

178 473 369 536 doctissimus
379 471 499 553 quidem
508 470 686 532 habitus'est
695 470 772 530 iuris
783 468 897 548 publici
905 478 937 530 ct
949 469 1061 548 priuati
1072 475 1102 528 et
1112 465 1196 529 com·
1309 547 1310 554 γ

103 611 111 647 .·
145 570 150 615 ἱ
168 560 280 643 ,plures
294 563 452 641 utriusque
465 561 566 640 operis
576 559 669 621 libros
678 557 813 638 reliquit:
825 575 962 620 sermone
972 558 1061 619 ctiam
1071 558 1196 637 antiqno

178 648 785 729 ususaffcotauitscribereetideoparum
795 644 1194 726 libriciusgratihahentnr.
1309 717 1310 744 ¹

144 743 180 811 δ.
203 749 328 828 Dionys.
344 748 398 808 17
428 741 471 808 Tei
495 740 523 808 δ’
549 745 581 808 έκ
607 749 669 807 τῶν·
688 747 824 824 ἱστοριῶν
851 737 1089 823 όναλεξόμενος,Ι
1105 738 1142 817 ig
1164 741 1198 804 οἱ
1210 755 1226 796 5

178 841 254 926 πρὸς
281 839 379 907 υδτιδν
406 839 615 924 έπαινοόμενοι
637 837 790 922 Ῥωμαίων
817 839 1010 923 συνέγραψαν
1027 871 1073 883 -
1094 839 1200 903 Aurot

178 964 209 1006 τε
230 941 281 1005 καὶ
298 941 412 1006 Γέλλιοι
438 941 488 1004 καί
506 937 711 1022 Καλπούρνιοι
732 937 782 1001 καὶ
805 937 896 1020 έτεροι
913 937 1017 1020 συχνοὶ
1039 932 1113 1019 πρὸς
1130 931 1197 1000 rori-

178 1062 240 1113 τοις
262 1034 369 1121 ἄνδρες
391 1035 447 1128 οὐκ
469 1033 609 1119 αἰφανεῖς,
632 1062 658 1102 κ.
676 1041 743 1100 αλ
784 1039 847 1098 unt.
867 1044 931 1098 test.
950 1037 978 1096 1.
1002 1037 1091 1098 Dion.
1111 1035 1198 1097 180
1275 1024 1278 1030 ’

174 1131 228 1213 Ὡς
255 1135 288 1199 δέ
313 1135 471 1218 Τουβέρων
493 1137 612 1214 Αἴλιος,
634 1129 732 1209 δεινός
754 1128 832 1216 ἀνὴρ
858 1133 910 1197 καὶ
931 1133 999 1216 περί
1020 1129 1076 1213 τὴν
1107 1151 1197 1198 συνα-

180 1228 283 1317 γωγὴν
300 1237 352 1314 τῆς
373 1235 501 1313 ἱστορίας
524 1229 669 1313 ἐπιμελής,
692 1227 799 1314 γρόφει
821 1256 847 1293 κ.
861 1256 885 1295 τ.
899 1237 924 1296 λ.
944 1231 987 1309 fr.
1000 1233 1035 1318 Ι3.
1213 1243 1243 1284 10

145 1328 181 1396 4.
202 1332 244 1410 [τ.
266 1333 289 1393 δ
311 1331 451 1394 Ceterum
473 1334 504 1392 in
527 1339 588 1392 tam
611 1331 793 1412 discrepanti
817 1329 946 1392 editione
970 1338 1002 1393 et
1024 1328 1143 1392 Tubero
1167 1337 1198 1392 ct

182 1421 284 1483 Macer
307 1421 400 1482 libros
423 1419 531 1482 linteos
555 1427 693 1481 auctores
716 1419 904 1498 profitentur.
1010 1422 1011 1425 ’

439 1536 694 1593 HISTORIARVM
712 1535 940 1618 nuncianum
1019 1575 1022 1582 ι

573 1625 628 1680 EX
646 1623 775 1682 LIBRO
795 1627 808 1680 Ι

273 1714 308 1783 1.
323 1722 397 1784 Nou.
407 1741 431 1783 s.
441 1740 470 1783 α.
476 1725 620 1798 protinus
626 1741 656 1800 μ.
666 1723 713 1783 37
716 1721 738 1782 δ
756 1721 875 1783 Tubero
885 1721 1078 1782 historiarum
1088 1719 1200 1784 libroI:

183 1809 217 1871 Si
235 1809 314 1890 quod
333 1829 349 1870 a
367 1810 543 1890 parentibus
557 1818 712 1892 acceptum
730 1813 869 1894 protinus
883 1811 1022 1892 antiquae
1040 1811 1200 1896 memoriae
1223 1849 1226 1860 -

182 1898 379 1962 tradiderunt.
429 1945 431 1950 .
712 1974 716 1980 μ
1216 1909 1245 1950 15

273 1983 331 2052 2¹¹².
355 1989 444 2050 Seru.
459 1991 503 2050 od
515 1989 589 2052 Αεκ.
604 1990 643 2051 ΙΙ
652 1988 695 2048 15
717 1987 759 2049 De
774 1985 831 2050 hoo
846 2007 924 2070 equo
937 1986 1102 2067 [Troiano]
1117 1989 1201 2049 uana

182 2079 215 2139 in
234 2074 368 2138 historiis
387 2076 463 2138 lecta
483 2085 561 2138 sunt.
591 2086 625 2139 nt
649 2079 729 2139 enim
747 2075 881 2158 Hyginus
901 2087 931 2138 ct
949 2075 1069 2139 Tubero
1088 2076 1201 2156 dicunt,

183 2166 455 2227 machinamentum
473 2165 613 2228 bellicum
632 2166 697 2247 fuit,
717 2166 797 2246 quod
816 2183 912 2245 equus
930 2164 1104 2247 appellatur,
1124 2167 1203 2227 sicut

177 2256 272 2336 aries,
286 2257 365 2315 sieut
379 2253 510 2335 testudo,
521 2254 631 2334 quibus
645 2257 725 2318 muri
738 2254 787 2316 nel
797 2254 908 2316 discuti
918 2254 966 2316 uel
976 2253 1082 2316 subrui
1096 2254 1199 2316 solent

275 2338 335 2405 3²¹².
359 2344 484 2420 Dionys.
499 2345 521 2404 I
529 2345 575 2405 80
594 2339 645 2418 Ὡς
659 2341 692 2406 δέ
709 2342 867 2425 Τουβέρων
881 2344 995 2421 Αἴλιος,
1009 2337 1108 2418 δεινὸς
1121 2335 1199 2424 ἀνὴρ
1213 2356 1242 2397 2⁰

184 2435 235 2499 καί
264 2437 330 2519 περὶ
358 2433 414 2519 τὴν
431 2434 623 2526 ’συναγωγὴν
652 2445 706 2521 τῆς
736 2441 865 2521 ἱστορίας
896 2436 1049 2522 ἐπιμελής,
1082 2436 1200 2522 γράφει,

184 2532 353 2616 προειδότες
385 2537 416 2598 οἱ
444 2541 497 2598 τοῦ
528 2536 695 2618 Νεμέτορος
725 2535 876 2614 θύσοντας
910 2535 947 2600 τδι
978 2535 1101 2601 Λύκαια
1131 2534 1201 2614 τοὺς

185 2633 359 2707 νεανίσκους
378 2631 554 2710 [Romulum
573 2642 603 2697 et
621 2635 761 2714 Remum]
784 2640 825 2721 τῷ
842 2636 925 2699 Πανί
942 2632 997 2716 τὴν
1011 2631 1199 2716 Ἀρκαδικήν,

187 2725 227 2806 τός
249 2727 410 2812 Εὔανδρος
431 2728 637 2812 κατεστήσατο,
659 2735 787 2814 θυσίαν,
817 2731 1001 2814 ἐνήδρευσαν
1022 2729 1074 2797 τδν
1096 2729 1200 2815 καιρόν

187 2828 301 2892 έκεῖνον
318 2833 371 2907 τῆς
388 2829 564 2912 ἱερουργίας,
582 2824 672 2909 ἡνίκα
689 2830 779 2912 ἐχρῆν
795 2827 865 2907 τοὺς
882 2831 949 2912 περὶ
966 2827 999 2894 τὸ
1013 2827 1200 2894 Παλλάντιον
1213 2843 1240 2884 2⁵

188 2925 343 3000 οἱκοῦυτας
369 2929 429 2988 τῶν
456 2925 534 2989 νέων
561 2927 593 2988 έκ
615 2932 667 2991 τοῦ
690 2931 830 2992 Λυκαίου
851 2924 1014 3005 τεθυκότας
1035 2933 1200 3008 περιελθεῖν

187 3020 287 3108 δρόμῳ
316 3018 372 3104 τὴν
403 3019 508 3105 κιόμην
539 3019 672 3106 γυμνσδς
702 3020 927 3106 ὑπεζωσμένους
953 3021 1008 3107 τὴν
1035 3025 1111 3088 αίδιό
1138 3031 1200 3100 ταῖς

187 3123 291 3203 δοραῖς
312 3124 373 3183 τεόν
389 3118 551 3184 νεοθύτων.
588 3126 672 3184 τοῦτο
695 3120 729 3184 δέ
751 3118 910 3204 καθαρμόν
931 3147 997 3206 Ιτινα
1018 3127 1078 3186 τῶν
1104 3145 1200 3203 κωμη-
1309 3177 1310 3210 ,

186 3222 247 3284 τεόν
269 3213 393 3299 πότριον
416 3215 553 3298 έδόνατο,
577 3212 617 3293 ὧς
638 3217 688 3281 καὶ
711 3223 769 3282 νῦν
791 3219 832 3282 ἔτι
855 3220 974 3301 δρᾶται,
999 3220 1033 3283 έν
1051 3214 1089 3301 δὴ
1108 3215 1198 3305 τούτῳ
1309 3229 1310 3286 λ

187 3319 227 3403 τῷ
250 3310 347 3400 χρόνῳ
368 3310 438 3390 τοὺς
460 3310 628 3398 ἱεροποιοὺς
650 3318 825 3392 νεανίσκους
844 3319 877 3380 οἱ
896 3313 1037 3399 βουκόλοι
1058 3312 1199 3400 λοχήσαν-
1211 3331 1238 3371 8⁰

187 3437 234 3488 τες
255 3407 328 3476 κατὰ
350 3407 383 3477 τδ
406 3408 585 3494 στενόπορον
606 3419 658 3495 τῆς
680 3411 765 3494 citiori,
788 3409 890 3494 έπειδὶ,
912 3410 945 3478 τὸ
968 3420 1086 3498 πρῶτον
1107 3411 1199 3498 τόγμα

186 3505 220 3573 τό
243 3505 300 3572 σὺν
321 3514 361 3596 τῷ
379 3503 482 3594 Ῥοόμρι
504 3506 568 3574 κατ’
593 3506 703 3589 αὐτοὺς
725 3512 852 3596 ἐγένετο,
875 3517 935 3576 nto
957 3509 1035 3594 σἰμφί
1049 3509 1200 3593 Ῥωμύλον

187 3629 218 3670 τε
243 3607 293 3672 καί
318 3604 418 3671 ἄλλων
444 3601 653 3688 ὑστεριζόντων
680 3606 777 3694 (τριχῇ
803 3605 860 3692 γὰρ
887 3609 1061 3692 ἐνενέμηντο
1090 3610 1141 3672 καί
1169 3609 1200 3673 ἐκ
