2646 4056
183 274 226 340 86
249 275 280 330 L.
300 273 498 330 CALPVRNH
516 274 658 331 Pffiortls
676 275 849 332 CENSORH
869 276 1127 334 uniones-45.

182 423 285 505 populi
299 433 351 486 aul
365 433 487 486 senatus
501 428 649 487 sententia
668 433 795 488 statutae
814 435 924 507 essent,
938 446 1004 488 eam
1022 446 1095 490 uero
1110 447 1201 508 quam

181 513 260 592 apud
279 513 382 574 aedem
397 513 526 576 Telluris
545 517 699 577 statuisset
717 515 775 576 sibi
790 516 839 595 Sp.
854 516 983 597 Cassius,
1002 519 1055 596 qui
1072 535 1202 596 regnum

182 601 391 684 adfectaverat,
415 605 503 665 etiam
527 604 683 666 conflatam
706 622 724 665 a
746 605 930 666 censoribus.

120 671 174 752 {⁶}
272 685 358 756 38⁸².
382 693 461 754 Plio.
474 694 578 754 XVII
586 694 654 754 244
672 693 734 755 Nec
752 713 812 755 non
830 703 862 755 et
879 694 989 756 Romae
1007 697 1040 756 in
1054 694 1200 774 Capitolio

120 762 213 841 600ίῐι
238 799 288 842 ara
306 757 391 843 lonib
405 781 482 843 bello
502 781 605 844 Persei
623 791 709 844 enata
726 782 823 862 palma
842 785 999 844 uictoriam
1017 784 1228 863 triumphos-s

180 888 238 950 que
257 871 417 950 portendit.
440 871 496 933 bac
515 871 742 951 tempestatibus
755 880 904 952 prostrata
917 873 1023 933 eodem
1037 872 1102 934 loco
1124 875 1199 934 licus

180 967 266 1020 enata
296 968 342 1022 est
370 959 407 1021 Μ.
430 960 572 1022 Messalae
600 961 631 1023 C.
655 961 750 1023 Cassii
773 979 931 1023 censorum
955 961 1065 1042 lustro,
1093 980 1110 1022 a
1138 981 1199 1042 quo
1308 959 1309 1032 J

184 1054 318 1129 tempore
341 1050 515 1129 pudicitiam
534 1049 710 1112 subuersum
728 1049 797 1111 Piso
816 1053 916 1130 grauis
935 1058 1040 1112 auctor
1057 1051 1197 1130 prodidit
1308 1039 1309 1056 ¹

117 1118 170 1198 444
269 1132 353 1203 39*.
381 1140 503 1201 Censor.
518 1141 547 1201 d.
562 1143 591 1202 cl.
605 1159 634 1200 n.
648 1140 701 1214 17,
715 1140 753 1199 11
777 1141 814 1201 At
832 1139 899 1201 Piso
920 1138 1081 1202 Censorius
1100 1148 1131 1202 et
1145 1141 1197 1202 Cn.

117 1209 168 1260 ⁶⁰⁸
180 1226 291 1289 Gellius
316 1225 375 1306 [sr.
395 1226 451 1306 28]
477 1228 529 1289 sed
553 1235 583 1289 et
607 1228 727 1289 Cassius
750 1227 874 1290 Hemina
897 1228 956 1307 [fr.
975 1228 1047 1308 39],
1070 1231 1124 1309 qui
1146 1229 1197 1290 iilo
1214 1249 1240 1290 ro

179 1323 312 1395 tempore
331 1316 461 1397 uiuebat,
480 1323 549 1395 post
567 1335 677 1378 annum
696 1317 789 1378 iactos
810 1316 909 1395 [ludos
927 1317 1118 1396 saeculares]
1137 1327 1198 1379 ter-

177 1406 253 1466 tium
277 1404 442 1486 adiirmant,
466 1405 518 1467 Cn.
543 1404 680 1467 Cornelio
703 1406 830 1467 Lentulo
853 1406 1045 1468 L.·Mummio
1065 1406 1196 1469 Achaico

177 1493 360 1576 consulibus,
384 1493 414 1556 id
439 1502 485 1556 est
508 1512 585 1555 anno
609 1509 730 1558 ncvm.

408 1647 593 1703 INOERTAE
614 1648 717 1705 SEDIS
735 1647 961 1704 FRAGMENTA

265 1753 324 1823 40.
353 1761 412 1824 Cic.
433 1761 560 1838 adsum.
582 1762 682 1824 VIIII
691 1761 778 1838 22‚2
800 1761 837 1823 it
856 1781 926 1823 vero
945 1762 1014 1823 Piso
1034 1762 1082 1824 ille
1101 1762 1196 1843 Frugi
1308 1743 1309 1792 ³

176 1851 207 1910 in
231 1848 386 1911 annalibus
411 1852 473 1912 suis
497 1853 643 1933 queritur,
666 1851 871 1912 adulescentes
893 1853 963 1930 peni
983 1851 1238 1914 deditosesse.1s
1308 1863 1309 1942 p

265 1934 325 2003 41.
356 1940 455 2002 Varro
470 1959 517 2018 op.
528 1941 668 2002 Lactent.
679 1944 745 2001 inst.
758 1943 778 2001 Ι
790 1939 852 2014 6,9
874 1939 1016 2011 Quartam
1032 1940 1195 2020 [Sibyllam
1308 1967 1309 2042 p

172 2026 283 2107 fuisse]
307 2027 496 2090 Cimmeriam
519 2031 550 2090 in
573 2028 669 2110 ltalia,
697 2047 786 2108 quam
808 2029 936 2090 Naevius
960 2032 991 2091 in
1014 2028 1099 2091 libris
1123 2030 1195 2092 beili
1308 2047 1309 2090 i

176 2117 290 2198 Punici,
314 2117 383 2179 Piso
407 2120 437 2180 in
462 2117 617 2180 annalibus
641 2120 781 2179 nominat.
1308 2191 1309 2194 Ἴ

264 2200 323 2269 42.
339 2206 623 2288 Macroe.sat.112‚
632 2207 673 2267 18
684 2206 752 2267 Piso
763 2225 886 2269 uxerem
896 2207 1192 2289 VulcaniMaiestam,

175 2312 235 2356 non
258 2295 363 2356 Maiam
388 2295 461 2357 dicit
484 2298 595 2358 uocari.
1206 2314 1235 2354 aa

264 2377 324 2445 43.
349 2385 488 2447 Macrob.
502 2392 558 2447 sal.
574 2385 670 2458 1112,
685 2385 727 2444 14
750 2384 819 2446 Piso
839 2387 879 2447 ait
894 2385 1018 2447 uitulam
1033 2388 1192 2447 uictoriam

175 2473 330 2534 nominari.
355 2474 441 2535 cuius
455 2476 500 2533 rei
514 2473 570 2535 hoc
586 2481 794 2552 argumentum
808 2475 930 2555 profert,
948 2475 1028 2555 quod
1046 2475 1191 2555 postridie

174 2579 267 2623 nonas
290 2560 380 2623 iulias
404 2580 437 2622 re
461 2561 537 2623 bene
560 2570 657 2643 gesta,
680 2581 749 2624 cum
772 2563 869 2642 pridie
892 2563 1020 2643 populus
1044 2583 1061 2624 a
1084 2564 1191 2625 Tuscis
1308 2595 1309 2632 l

174 2652 205 2711 in
225 2651 323 2730 fugam
341 2669 449 2712 uersus
469 2653 516 2731 sit,
536 2651 616 2712 unde
634 2651 818 2731 populisugia
836 2661 994 2732 uocantum·
1010 2661 1078 2733 post
1097 2655 1192 2715 uicto-

174 2741 248 2802 riam
272 2742 363 2802 certis
387 2740 541 2802 sacrificiis
565 2741 617 2801 iiat
639 2741 784 2803 uituiatio.
1206 2756 1236 2798 ss

263 2823 322 2892 44.
346 2830 435 2892 Seru.
454 2831 497 2891 ad
513 2832 587 2892 Aen.
602 2829 638 2890 X
652 2829 697 2889 76
719 2828 811 2890 Varro
831 2829 1002 2891 Pilumnum
1025 2837 1056 2891 et
1074 2830 1191 2891 Picum-

174 2936 246 2980 num
270 2918 429 2981 infantium
451 2918 523 2979 deos
542 2935 608 2979 esse
632 2919 681 2999 ait,
704 2920 806 2998 eisque
830 2936 884 2997 pro
908 2937 1057 2998 puerpera
1080 2918 1192 2980 lectum

174 3009 205 3068 in
218 3009 298 3069 atrio
318 3010 420 3088 sterni,
443 3007 515 3069 dnm
534 3007 706 3087 exploretur
725 3025 762 3068 an
781 3007 877 3068 vitalis
897 3008 936 3068 sit
954 3010 1006 3088 qui
1025 3016 1113 3069 natus
1135 3015 1190 3069 est.
1207 3067 1212 3076 ,

174 3094 242 3156 Piso
266 3095 436 3159 Pilumnum
459 3096 586 3177 dictum,
610 3098 679 3176 quia
701 3095 790 3176 pellat
813 3095 889 3156 maia
911 3096 1060 3158 infantiae.

264 3178 323 3248 45.
347 3187 459 3248 Araob.
475 3186 588 3248 11138
615 3183 791 3246 Nouensiles
814 3184 882 3246 Piso
906 3185 978 3246 deos
1002 3203 1068 3248 esse
1092 3185 1191 3248 credit
1206 3203 1236 3243 so

174 3289 283 3333 nouem
306 3275 337 3334 in
361 3273 478 3336 Sabinis
502 3273 580 3354 apud
604 3273 743 3335 Trebiam
766 3275 952 3336 constitutos.
982 3274 1036 3335 bos
1060 3273 1190 3336 Granius
1308 3331 1309 3358 1

174 3359 273 3422 Musas
296 3368 381 3441 putat
404 3379 584 3424 consensum
608 3361 835 3424 adcommodans
859 3361 949 3423 Aelio.
