2620 4054
120 238 1136 304 cordurusunucuuuouu’sduuAdurPPAuuuaeMa-aeffl

185 385 298 472 ‚2522
322 392 432 454 Isidor.
457 394 496 454 de
518 397 580 454 oet.
604 409 666 453 rer.
686 392 744 466 44,
764 391 786 450 4
814 389 868 472 (ex
892 391 974 452 Suet.
994 396 1076 467 prot.
1101 392 1140 450 de

125 488 185 542 nat.
211 499 273 544 rer.
294 499 325 559 p.
340 481 408 541 244
432 475 498 563 ef.)
531 479 569 541 dt
591 481 743 560 Augustus
766 481 876 558 inquit:
900 475 976 540 ‘Nos
1000 480 1139 540 uenimus

124 569 277 650 Neapolim
300 569 393 632 lluctu
417 570 539 650 quidem
562 564 688 647 caeco'.]

206 811 207 816 ψ
289 739 298 758 '
334 765 927 856 communicemus

213 921 308 988 (natus
325 917 400 974 inter
418 936 442 974 a.
463 924 506 973 74.
525 924 577 974 680
597 920 626 974 ei
644 924 687 975 64.
707 924 767 987 690,
786 918 911 973 mortuus
931 921 956 972 8.
976 918 1046 984 746.)

377 1023 632 1080 TESTIMONIVM
651 1023 700 1080 DE
718 1021 893 1079 HISTORIA

92 1138 125 1205 l.
148 1139 256 1200 Horat.
276 1157 371 1201 curm.
387 1139 490 1215 1112,
510 1137 530 1198 9
561 1137 666 1218 Tuque
689 1137 879 1217 pedestribus
903 1136 985 1197 dices
1008 1135 1142 1196 historiis

126 1226 238 1305 proelia
253 1227 398 1309 Caesaris,
411 1227 576 1308 Maecenas,
589 1227 697 1289 melius
714 1227 864 1305 ductaque
881 1243 937 1305 per
955 1226 1020 1285 uias
1038 1238 1169 1303 regums

126 1315 201 1376 colla
225 1319 393 1378 minacium.
413 1316 466 1392 cf.
487 1318 575 1379 Seru.
596 1318 640 1378 od
663 1317 750 1392 Vero.
768 1333 874 1392 georg.
895 1316 934 1376 ΙΙ
949 1314 992 1374 42
1020 1313 1142 1374 Constat

126 1404 326 1467 Maecenatem
341 1405 434 1466 fuisse
448 1405 618 1468 litterarum
635 1407 767 1485 peritum
786 1413 816 1465 et
833 1404 920 1483 plura
939 1405 1141 1483 composuisse

127 1495 266 1556 carmina.
290 1512 358 1554 nam
377 1496 466 1555 etiam
480 1496 606 1574 Augusti
624 1493 759 1555 Caesaris
778 1501 860 1574 gesta
879 1494 1048 1574 descripsit,
1062 1492 1141 1571 quod

127 1590 254 1645 testatur
278 1582 418 1644 Horatius
442 1584 559 1645 dicens:
584 1579 701 1663 ‘Tuque
725 1590 756 1644 et
779 1602 806 1663 q.
826 1601 849 1644 s.

503 1699 765 1756 FRAGMENTVM

218 1807 276 1875 l*.
301 1814 379 1874 Ptin.
396 1834 424 1874 o.
440 1816 468 1874 lt.
490 1815 553 1876 VII
568 1814 635 1874 147
657 1813 691 1874 ln
715 1815 785 1875 diuo
809 1832 927 1893 quoque
950 1815 1084 1893 Augusto
1101 1846 1140 1856 —
1153 1813 1207 1891 fi

126 1917 232 1980 magna
252 1903 342 1961 sortis
361 1901 505 1964 humanae
521 1904 710 1981 reperiantur
723 1902 888 1964 uolumina:
904 1935 944 1947 —
960 1901 1144 1981 Philippensi
1155 1903 1206 1951 ⁷12

127 1988 241 2069 proelio
264 1989 393 2052 morbidi
423 1991 492 2070 fuga
520 1999 550 2052 et
580 1991 680 2052 triduo
708 1993 740 2051 in
767 1990 875 2070 palude
903 1991 1016 2070 aegroti
1044 1998 1087 2072 et,
1110 1998 1144 2050 ut

127 2078 259 2140 latentur
286 2079 416 2160 Agrippa
445 2099 479 2141 ac
506 2080 674 2160 Maecenas,
701 2098 777 2159 aqua
810 2078 914 2140 subter
946 2086 1046 2141 cutem
1079 2080 1143 2139 lusa

127 2167 240 2247 turgidi
263 2166 383 2230 latebra.

323 2369 376 2452 M.
409 2365 680 2455 VIPSANIVS
712 2367 945 2454 AGRIPPA

164 2519 256 2585 (natus
279 2533 303 2573 a.
324 2523 366 2572 63.
386 2523 452 2586 691,
480 2533 535 2572 cos.
559 2523 602 2573 37.
628 2523 692 2584 717,
721 2523 764 2574 78.
789 2523 852 2588 776,
876 2523 918 2574 tt.
944 2523 1009 2588 727,
1037 2533 1109 2572 mor-

528 2591 593 2643 tuus
614 2594 655 2642 te.
677 2590 748 2659 ⁷42.)

282 2702 512 2758 FRAGMENTA
529 2701 722 2759 LIBRORVM
741 2701 790 2756 DE
808 2700 897 2758 VITA
917 2702 988 2758 SVA

207 2806 238 2876 ‘l
249 2814 280 2879 *.
305 2817 382 2878 Plio.
397 2819 468 2879 17η.
491 2817 553 2878 VII
564 2817 632 2877 177
647 2843 688 2866 =
704 2817 804 2878 Maec.
823 2815 866 2891 fr.
881 2817 907 2876 1.
1158 2828 1184 2870 1⁶

218 2901 251 2968 2.
266 2906 404 2982 Philtra.
419 2908 462 2966 od
476 2906 564 2981 Vere.
576 2923 682 2982 georg.
694 2905 807 2966 11162
820 2905 951 2984 Agrippa
963 2906 995 2964 in
1010 2904 1141 2966 secundo
1153 2905 1207 2982 §⁷-

129 2996 208 3054 uitae
232 3011 303 3056 suae
327 2994 400 3055 dicit
418 2995 602 3072 excogitasse
621 3013 662 3074 se,
682 3002 716 3055 ut
734 3012 770 3055 ex
789 2993 920 3055 Lucrino
938 2992 1005 3055 lacu
1024 3001 1143 3072 portum
1155 2994 1206 3043 717

129 3083 249 3144 iaceret.
281 3101 387 3144 uerum
411 3082 500 3144 huius
523 3083 616 3162 gloria
638 3083 772 3162 Augusto
796 3085 894 3146 cessit.

219 3165 279 3235 3³¹³.
295 3173 375 3234 Plio.
388 3173 537 3232 XXXVI
546 3172 605 3233 121
625 3171 657 3242 Q.
672 3171 801 3234 Marcius
815 3172 878 3234 Rex
892 3174 993 3233 iussus
1008 3190 1024 3233 a
1039 3180 1142 3233 senatu
1163 3171 1205 3249 7-3-

128 3278 274 3340 aquarum
297 3261 421 3342 Appiae,
444 3261 580 3343 Auienis,
604 3260 733 3340 Tepulae
756 3261 864 3323 ductus
888 3261 1012 3322 reticere
1035 3279 1145 3322 nouam
1155 3263 1205 3312 721

129 3368 146 3410 a
170 3351 289 3410 nomine
314 3367 368 3410 suo
388 3347 563 3429 appellatam
582 3348 729 3411 cuniculis
751 3368 807 3428 per
829 3359 945 3413 montes
972 3351 1047 3412 actis
1065 3351 1143 3411 intra

128 3446 287 3519 praeturae
311 3455 383 3498 suae
406 3446 524 3517 tempus
548 3438 680 3519 adduxit,
699 3439 829 3519 Agrippa
847 3457 920 3500 uero
944 3441 975 3499 in
995 3438 1143 3500 aedilitate

129 3528 244 3589 adiecta
263 3525 382 3605 Virgine
405 3546 480 3607 aqua
504 3529 672 3607 ceterisque
692 3529 854 3590 conriuatis
873 3537 961 3608 atque
981 3527 1144 3590 emendatis

129 3615 212 3677 lacus
232 3617 436 3696 septingentos
455 3616 534 3698 lecit,
552 3625 707 3697 praeterea
726 3617 865 3680 salientes
884 3633 918 3699 n,
937 3616 1057 3679 castella
1071 3634 1142 3694 pen-
