2614 4056
471 233 573 293 TEST.
609 235 744 294 FRAGM.
1049 237 1113 304 371

101 394 166 447 tum
198 387 359 465 imperator
389 402 466 464 equo
497 384 533 445 ad
565 385 680 447 lentum
713 402 836 447 cursum
868 384 1032 448 calcaribus
1072 387 1115 448 iu·

102 477 191 536 citato
214 475 324 536 mullos
347 473 436 535 orbes
459 473 518 535 huc
538 481 626 554 atque
650 473 720 536 illuo
739 475 890 555 usquead
910 491 994 537 snam
1014 474 1115 536 delati·

101 566 250 643 gaticnem
277 566 370 625 crariis
404 562 567 625 dellexilrus
598 563 757 643 impediuit
789 583 823 626 ec
856 563 962 625 deinde
990 566 1032 625 ait
1058 562 1115 626 illi:

101 645 289 732 ‘Numquid
313 655 360 714 uis
383 660 453 732 post
475 670 605 733 cursum,
624 648 793 734 Thracisce,
817 647 971 715 luctare'?
993 671 1115 734 respon·
1208 675 1216 690 ·

101 742 156 802 dit:
189 736 355 813 ‘Quantum
388 741 461 803 libet
492 737 680 821 imperator'.
728 741 772 803 lta
801 741 946 823 Seuerus,
974 760 1009 803 ex
1037 760 1142 822 equos

100 829 251 913 desiliens,
265 831 487 893 recentissimos
502 830 630 892 militum
644 849 713 892 eum
727 849 762 892 eo
779 831 923 892 decertari
943 831 1039 893 iussit.
1086 837 1116 892 at

99 917 149 981 ille
174 928 288 1000 septem
311 920 531 982 ualentissimos
554 922 680 982 iuuenes
701 920 738 980 ad
761 927 871 981 terram
895 920 987 999 elisit,
1017 922 1058 982 ita
1082 929 1116 982 ut

100 1018 187 1070 antea
209 1009 284 1070 nihil
311 1028 366 1089 per
393 1009 549 1071 interualla
579 1011 755 1089 respiraret,
779 1008 919 1088 solusque
950 1027 966 1070 a
989 1006 1114 1070 Caesare

100 1106 130 1158 et
153 1100 303 1177 argenteis
324 1100 465 1178 praemiis
489 1104 519 1159 et
537 1116 627 1159 aureo
650 1106 757 1178 torque
782 1097 908 1159 donatus
932 1104 990 1179 est3
1014 1099 1115 1159 iussus

101 1187 208 1248 deinde
231 1189 310 1248 inter
334 1189 492 1267 stipatores
519 1188 628 1266 degere
655 1187 791 1266 corporis
813 1186 996 1266 principalis.
1041 1185 1115 1247 Post
1129 1209 1155 1250 ro

99 1275 172 1337 haec
196 1275 252 1337 sub
266 1277 414 1337 Antonino
429 1275 577 1338 Caracalla
601 1276 721 1336 ordines
739 1275 825 1337 duxit
848 1293 882 1337 ac
901 1293 989 1356 saepe
1007 1275 1115 1336 lamam

100 1365 186 1426 laetis
201 1364 364 1426 extendens
378 1365 480 1446 plures
499 1365 620 1426 militiae
635 1364 745 1444 gradus
763 1366 1024 1444 centuriatumque
1040 1372 1114 1425 stre·

100 1456 223 1516 nuitatis
247 1472 317 1515 suae
340 1456 471 1534 pretium
495 1453 571 1516 tulit.
604 1453 736 1516 llacrinc
764 1463 863 1516 tamen
886 1463 989 1533 postea
1013 1453 1044 1514 in
1067 1471 1114 1514 re·

99 1561 191 1621 gnum
214 1545 349 1624 ingresso
364 1546 515 1606 recusauit
529 1543 663 1605 militiam
678 1561 754 1623 pene
778 1545 907 1604 triennio
931 1543 1114 1604 tribunatus-

99 1651 158 1712 que
180 1631 293 1694 habens
322 1633 467 1695 honorem
494 1651 646 1714 nunquam
672 1651 704 1694 se
728 1632 822 1694 oeulis
845 1631 970 1694 Macrini
998 1631 1114 1712 optulit,
1129 1654 1154 1694 15

98 1721 255 1799 iudignum
290 1723 403 1784 ducens
438 1724 502 1784 eins
537 1724 709 1802 imperium,
748 1724 817 1802 quia
845 1729 1015 1802 perpetrato
1044 1722 1114 1783 loci·

99 1826 172 1869 nore
191 1810 289 1870 lucrat
311 1811 502 1891 adquisitum.
548 1811 584 1871 ad
607 1809 809 1890 Elicgabalum
829 1810 936 1873 dehinc
961 1813 1046 1891 quasi
1077 1809 1115 1871 ad

98 1898 241 1958 Antonini
264 1897 357 1959 illium
380 1906 537 1961 reuertens
559 1898 745 1960 tribunatum
769 1917 856 1959 suum
889 1899 962 1960 adiit
989 1907 1019 1960 et
1046 1907 1114 1977 post

98 1985 179 2046 hunc
204 1984 259 2046 sub
282 1986 482 2047 Alexandrum
500 1987 647 2048 Mamaeae
671 1995 775 2049 contra
793 1986 918 2048 Parthos
937 1986 1113 2048 mirabiliter

99 2075 260 2136 dimieauit.
297 2074 400 2154 quue
419 2075 604 2154 Mogontiaco
629 2075 749 2136 militari
772 2074 900 2136 tumulto
924 2076 1023 2138 occiso
1047 2076 1112 2154 ipse
1127 2097 1154 2137 co

99 2164 248 2225 exercitus
277 2163 422 2225 electione
450 2162 562 2244 absque
597 2171 718 2225 senatus
751 2163 890 2225 consultu
915 2163 1038 2225 allectus
1068 2172 1114 2224 est

98 2255 270 2331 imperator,
293 2255 344 2333 qui
367 2261 475 2315 cuncta
502 2251 578 2315 bona
607 2271 659 2314 sua
687 2255 718 2313 in
740 2254 949 2334 persecutione
972 2251 1113 2314 Christia-

98 2359 207 2404 norum
230 2342 305 2403 malo
324 2350 395 2404 uoto
419 2342 550 2404 loedauit
568 2345 746 2422 occisusque
765 2341 898 2422 Aquileia
922 2359 938 2403 a
957 2341 1112 2421 Puppioue

98 2448 224 2509 reguum
247 2431 369 2511 reliquit
391 2430 536 2512 Philippo.
587 2430 672 2503 Quod
700 2449 755 2492 nos
778 2431 890 2493 idcirco
914 2430 984 2492 huic
1008 2439 1111 2492 nostro

99 2520 241 2598 opusculo
257 2521 293 2582 de
309 2520 477 2601 Symmachi
495 2520 628 2601 hystoria
646 2523 859 2600 mutuauimus,
874 2527 1021 2600 quatenus
1040 2537 1110 2598 gen·
1126 2541 1152 2582 as

98 2617 172 2687 tem,
200 2608 280 2669 unde
308 2612 435 2688 agimuS,
464 2608 688 2671 ostenderemus
716 2608 751 2669 ad
776 2611 861 2687 regni
884 2607 1009 2670 Romani
1032 2609 1112 2669 lasti·

97 2698 180 2777 gium
203 2715 297 2776 usque
322 2700 449 2760 uenisse.
