2620 4054
444 259 672 326 exacuerint
690 267 787 318 t-11.
943 263 946 275 '
1055 261 1121 328 347

108 430 215 493 meam,
243 419 324 474 certe
353 431 428 492 quae
461 411 579 474 deserto
606 431 624 474 a
651 413 770 477 ciuibus
801 413 936 486 uenienti
962 410 1121 474 Maximino

107 503 209 580 patuit.
255 501 391 581 Longum
409 509 456 564 est
474 505 572 564 omnia
591 505 741 583 persequi,
769 521 844 582 quae
868 503 920 582 qui
943 503 1021 562 scire
1045 501 1121 563 desi-

107 590 204 672 derat,
232 591 259 651 is
282 589 385 672 uelim,
414 598 448 652 ut
470 610 558 671 saepe
586 592 661 672 dixi,
689 591 767 672 legat
795 590 940 671 Cordum,
968 593 1021 671 qui
1046 590 1121 653 haec

108 681 204 740 omnia
227 697 323 760 usque
346 680 382 740 ad
406 680 541 746 fabellam
565 683 694 760 scripsit.

198 763 228 831 7.
252 769 466 852 Moxim.4,1
502 769 618 832 Bibisse
646 778 745 832 autem
775 768 860 832 illum
888 767 1149 849 [Maximinumh

108 875 195 937 saepe
209 860 240 918 in
255 857 303 918 die
318 860 381 920 uini
396 857 591 938 Capitolinam
606 860 749 920 amloram
762 866 892 941 constat,
911 860 1077 921 comedisse
1091 866 1122 921 et

107 945 299 1027 quadraginta
327 947 418 1009 libras
446 951 558 1031 carnis,
592 956 626 1011 ut
654 956 754 1011 autem
781 947 898 1010 Cordus
924 947 1010 1030 dicit,
1032 952 1122 1010 etiam

107 1038 265 1115 sexaginta.
303 1037 383 1115 quod
407 1039 479 1099 satis
502 1046 627 1118 constat,
650 1037 804 1100 holeribus
826 1055 945 1117 semper
968 1037 1120 1118 abstinuit,

107 1126 262 1206 alrigidis
284 1143 378 1206 propo
403 1145 530 1207 semper,
553 1129 613 1188 nisi
636 1146 705 1189 cum
731 1127 776 1187 illi
805 1127 927 1206 potandi
949 1127 1121 1189 necessitas.
1178 1197 1182 1204 ,

106 1215 231 1276 sudores
254 1233 343 1294 saepe
366 1233 438 1277 suos
461 1216 629 1296 excipiebat
651 1225 682 1278 et
704 1219 736 1277 in
759 1214 866 1278 calices
889 1214 939 1277 uel
961 1217 993 1276 in
1016 1233 1162 1278 naseu-10

106 1302 166 1363 lum
189 1304 338 1385 mittebat,
365 1307 407 1366 ita
431 1312 465 1366 ut
487 1305 563 1366 duos
591 1305 640 1368 uel
663 1315 726 1367 tres
754 1307 899 1366 sextarios
928 1306 976 1366 sui
1003 1305 1122 1367 sudoris

105 1391 284 1455 ostenderet.
401 1433 408 1439 -

194 1475 229 1544 8.
251 1483 380 1545 Maxim.
393 1483 423 1559 d,
436 1483 458 1546 8
481 1482 553 1546 Erat
566 1491 722 1563 praeterea
738 1475 964 1566 [Maximinus]‚
979 1490 1013 1544 ut
1028 1482 1122 1544 relert

105 1569 228 1652 Cordus,
252 1573 454 1650 magnitudine
478 1580 568 1654 tanta,
592 1581 626 1634 ut
649 1580 716 1634 octo
735 1571 828 1652 pedes
847 1571 947 1650 digitis
963 1590 1024 1632 -sex
1042 1571 1121 1633 dice·

105 1666 190 1720 retur
217 1677 371 1743 egressus,
398 1660 504 1740 pollice
532 1665 573 1723 ita
599 1670 686 1724 uasto
717 1669 750 1723 ut
777 1663 879 1723 uxoris
912 1659 1120 1722 dextrocherio
1136 1679 1161 1722 u

105 1755 244 1811 uteretur
265 1766 320 1828 pro
344 1749 441 1812 anulo.

193 1841 228 1908 9.
252 1847 339 1907 Max.
353 1846 439 1923 28,8
471 1848 510 1909 Et
533 1851 673 1928 quoniam
697 1850 733 1910 ad
757 1848 950 1911 Maximinum
973 1849 1122 1910 seniorem
1157 1847 1162 1856 '

104 1938 294 2014 reuertimur‚
322 1953 372 1996 res
400 1938 530 1998 iucunda
553 1939 769 2018 praetereunda
792 1957 852 2000 non
879 1945 938 2001 est:
966 1955 1033 1998 nam
1053 1956 1123 1999 cum

104 2034 184 2088 esset
206 2025 384 2086 Maximinus
407 2025 526 2106 pedum,
550 2035 584 2089 ut
603 2027 732 2090 diximus
752 2027 809 2106 [fr.
823 2027 868 2108 8],
892 2034 960 2089 octo
979 2034 1008 2088 et
1028 2044 1121 2106 prope

104 2117 204 2195 semis,
227 2113 455 2176 calciamentum
478 2116 551 2196 eius,
579 2115 609 2176 id
633 2126 680 2179 est
702 2135 876 2197 campagum
906 2117 1031 2196 regium,
1057 2117 1120 2196 qui·
1135 2137 1162 2178 so

105 2203 172 2264 dam
199 2207 230 2266 iu
263 2204 345 2284 luco,
375 2204 428 2284 qui
460 2210 507 2264 est
538 2207 619 2266 inter
647 2205 812 2286 Aquileiam
849 2214 879 2266 et
907 2206 1038 2280 Arciam,
1070 2223 1121 2284 po·

105 2301 239 2375 suerunt,
259 2293 339 2376 quod
357 2293 492 2354 constitit
510 2293 586 2371 pede
610 2297 706 2356 maius
725 2295 817 2361 luisse
839 2294 970 2356 hominis
994 2294 1121 2374 uestigio

104 2399 252 2444 mensura.
298 2382 378 2444 unde
401 2383 491 2443 etiam
519 2380 610 2460 uulgo
639 2390 767 2445 tractum
791 2391 850 2466 est,
873 2402 942 2445 cum
966 2383 1003 2444 de
1026 2382 1122 2462 longis

105 2476 135 2529 et
162 2472 271 2554 ineptis
298 2470 470 2532 bominibus
493 2470 646 2533 diceretur
680 2466 790 2550 ‘caliga
813 2468 990 2534 Maximini'.
1036 2469 1122 2542 Quod

104 2557 216 2619 idcirco
245 2559 352 2641 indidi,
376 2578 413 2621 ne
437 2562 518 2641 quis,
541 2563 596 2636 qut·
617 2560 748 2622 Cordum
770 2560 896 2643 legeret,
919 2580 966 2623 me
989 2568 1121 2641 praeter·
1134 2580 1162 2622 ss

105 2648 223 2708 misisse
246 2647 383 2710 crederet
406 2649 532 2731 aliquid,
558 2649 637 2730 quod
660 2649 697 2710 ad
720 2656 836 2728 patrem
859 2652 1032 2728 pertineret.

195 2737 253 2806 10.
278 2744 364 2808 Max.
378 2746 431 2822 29,
445 2748 489 2807 10
525 2745 606 2808 llaec
633 2754 704 2808 sunt
727 2765 802 2827 quae
825 2746 862 2808 de
885 2765 980 2826 puero
1004 2746 1122 2825 [Maxi

104 2833 198 2912 mino]
228 2833 300 2894 sciri
328 2842 358 2895 et
385 2835 445 2896 dici
472 2834 581 2898 decuit.
633 2835 748 2916 reliqua
777 2837 829 2916 qui
855 2835 938 2897 uolet
966 2854 1055 2898 nosse
1085 2836 1139 2897 de-

105 2922 197 2984 rebus
221 2923 354 2984 ueneriis
381 2930 412 2983 et
433 2928 599 3007 amatoriis,
623 2925 732 3005 quibus
755 2943 824 2987 eum
843 2924 959 2986 Gordus
982 2927 1122 3007 aspergit,

104 3012 234 3074 eundem
256 3009 343 3090 legat.
1136 3035 1164 3078 so

197 3103 254 3172 ll.
283 3109 372 3170 Max.
390 3108 444 3185 27,
465 3110 487 3170 6
513 3111 684 3191 :Desponsa
712 3111 756 3174 illi
783 3110 969 3189 [Maximino
993 3111 1122 3190 iuniore]

104 3205 170 3259 erat
191 3197 276 3260 lunia
294 3195 414 3280 Fadilla,
437 3202 592 3278 proneptis
609 3202 759 3263 Antonini.
775 3233 818 3246 -
831 3207 1007 3262 manserunt
1022 3207 1124 3263 autem

33 3303 37 3309 ’
106 3286 186 3366 apud
209 3305 274 3350 eam
297 3303 382 3348 arrae
405 3289 515 3367 regiae,
538 3307 613 3368 quae
637 3289 712 3352 tales
739 3283 790 3374 (ut
811 3288 915 3351 lunius
938 3287 1054 3350 Cordus
1080 3288 1122 3350 lo·

106 3377 222 3456 quitur,
250 3375 356 3438 harum
384 3394 486 3438 rerum
508 3376 699 3460 persecutor)
723 3378 815 3440 luisse
843 3378 998 3440 dicuntur:
1021 3394 1123 3440 mono·

104 3462 201 3526 buum
215 3462 252 3525 de
267 3463 342 3525 albis
353 3483 475 3546 nouem,
485 3465 646 3528 reticulum
660 3484 729 3528 oum
743 3468 872 3546 prasinis
890 3467 1038 3548 undecim,
1052 3466 1121 3530 dex·
1135 3488 1162 3531 as

104 3552 291 3616 trocberium
305 3571 374 3616 cum
388 3554 544 3638 oopulnde
559 3554 727 3634 hyacinthis
737 3563 880 3635 quattuor
892 3564 1012 3636 praeter
1022 3563 1122 3618 uestes

103 3648 224 3706 auratas
240 3649 271 3704 et
291 3646 417 3723 gemmis
436 3654 555 3706 ornatas
573 3651 733 3725 ceteraque
749 3645 879 3722 insignia
893 3644 1120 3723 sponsaliorum.
