2620 4054
361 257 595 316 TESTIMONIA.
631 259 767 314 FRAGM.
785 249 861 317 146.
1060 257 1124 323 267

109 403 168 472 κάν
196 405 429 490 βουλευσώμεθα
460 413 572 488 κακῶς,
604 403 737 471 άπιστεῖν
769 404 805 472 οὗ
837 403 979 471 ὃίκυιου’.
1028 411 1126 469 Ταῦτα

110 500 232 571 εἰπόντα
260 506 353 588 φησίν
381 501 396 570 ό
420 503 583 582 Μεσσάλας
605 511 754 570 τελευταῖα
775 501 850 586 πρὸς
877 501 970 569 αὐτόν
993 500 1124 567 άσπάσα-

111 613 184 668 σθαι
206 601 257 668 τόν
280 601 428 667 Κάσσιον·
465 600 541 667 εῖναι
565 603 598 666 δὲ
621 603 796 686 κεκλημένος
820 605 861 679 είς
888 598 943 684 τὴν
968 598 1125 685 ὑστεραίαν

109 701 158 765 ἐπί
181 703 305 766 δεῖπνον
327 697 379 766 ὑπ’
405 698 496 766 αὐτοῦ
518 699 673 785 γενέθλιον
696 695 799 766 οὖσαν.

200 796 260 865 2*.
286 803 364 864 Plut.
390 803 477 865 Brut.
498 802 541 862 42
580 803 621 864 ολ
645 799 679 863 tt
702 800 808 880 [Bruti
833 804 942 863 milites
965 804 996 863 λα
1016 789 1185 880 μυμκυξῖ

109 903 299 979 Philippensi
316 895 438 980 priore]
468 891 507 980 μὴ
536 894 758 978 κυκλωσάμενοι
785 893 854 973 τοὺς
877 899 1028 980 Καίσαρος
1050 880 1185 962 οἰλλόι712

108 992 305 1078 συμπεσόντες
337 997 447 1082 ργδίιις
479 994 533 1078 μὲν
569 991 772 1077 ἀπετρέψαντο
809 993 1038 1078 τεταραγμένους
1074 995 1123 1059 καί

109 1093 286 1176 διέφθειραν
309 1093 342 1157 έν
364 1100 462 1176 χεροῖν
488 1101 553 1176 τρία
575 1088 707 1178 τάγματα
733 1092 784 1157 καῖ
802 1093 1009 1158 συνεισέπεσον
1032 1095 1073 1170 είς
1090 1090 1122 1157 τὸ

108 1188 305 1273 στρατόπεδον
330 1199 392 1268 τοῖς
419 1188 584 1276 φεύγουσιν
611 1189 671 1259 ὑπὸ
699 1189 794 1277 ῥύμης
824 1197 877 1256 τοῦ
906 1197 1022 1272 κρατεῖν
1054 1210 1123 1254 συν-
1201 1190 1203 1194 ’

108 1289 275 1372 ενεχθέτπες
293 1286 362 1371 μεθ’
379 1289 493 1377 ἑαυτῶν
515 1291 628 1373 ἔχοντες
650 1288 703 1356 τόν
725 1296 867 1373 Βροῖπον.
880 1287 1011 1371 -Ἢιλη
1034 1287 1069 1352 tt
1090 1284 1123 1353 τὸ
1138 1304 1163 1343 ¹⁰

108 1388 198 1470 μέσον
221 1385 335 1477 έξερόκει
358 1385 444 1475 φόνῳ
468 1394 566 1475 πολλῷ
593 1385 662 1463 τοὺς
689 1385 946 1472 ἀντιτεταγμένους
971 1387 1021 1450 καῖ
1049 1405 1122 1450 παν·

107 1491 196 1561 τελεῖς
209 1482 306 1551 ἐδόκει
321 1493 438 1566 κρατεῖν
457 1482 473 1551 ὃ
487 1489 634 1567 Βροῦτος,
648 1483 745 1568 ὥσπερ
764 1481 780 1550 ὁ
795 1483 926 1561 Κάσσιος
944 1491 1122 1567 κρατεῖσθαι.

108 1584 266 1648 καὶτοῦτο
290 1580 385 1664 μόνον
408 1580 507 1648 αὐτῶν
526 1583 680 1666 διέφθειρε
697 1579 732 1646 τό
750 1581 916 1668 πράγματα,
934 1589 986 1648 τοῦ
1010 1581 1064 1663 μὲν
1083 1577 1123 1656 ὥς

108 1686 226 1744 νικῶντι
249 1683 370 1769 Κασσίῳ
394 1678 433 1764 μη
458 1678 682 1764 βοηθήσαντος,
705 1687 758 1745 τοῦ
785 1680 818 1744 δέ
841 1687 975 1764 Βροῦτον
1002 1676 1042 1756 ὦς
1068 1675 1123 1743 άπ·

108 1775 237 1843 ολωλότα
260 1774 300 1860 μὴ
319 1780 552 1861 περιμείναντος·
583 1779 646 1843 ἐπεί
667 1785 719 1861 τῆς
741 1804 774 1864 γε
796 1782 881 1860 νίκης
903 1777 976 1862 ὅρον
998 1774 1015 1845 ό
1038 1783 1163 1842 Meo-1⁶

108 1872 200 1951 σόλας
221 1877 333 1938 τίθεται
355 1871 386 1940 τό
406 1883 482 1958 τρεῖς
504 1871 609 1953 τἰετοός
631 1877 682 1940 καῖ
703 1873 797 1941 πολλὰ
816 1884 921 1960 σημεῖα
943 1879 1046 1959 λαβεῖν
1063 1883 1123 1940 τῶν

106 1971 266 2053 πολεμίων,
290 1972 422 2048 ἐκείνους
445 1972 478 2035 tt
500 1973 602 2055 μηδέ.

199 2069 258 2137 3*.
284 2074 532 2136 preteream
560 2067 691 2138 ’Έκτεσον
714 2071 747 2135 δὲ
769 2068 882 2137 τούτων
905 2071 959 2154 μέν
982 2063 1186 2151 [εκῖίίλυνκέἶ

111 2172 211 2233 Cassii
232 2176 341 2249 priore
368 2190 476 2251 puppa
505 2171 706 2251 Pltt'ltppenst']
739 2167 943 2253 ὀκτακισχίλιοι
975 2165 1032 2234 σὺν
1062 2153 1184 2247 τοῖς7Ιῖ

107 2268 346 2351 στρατευομένοις
365 2269 499 2349 οἰκέταις,
518 2266 571 2346 οὓς
589 2272 699 2353 Βρίγας
718 2265 879 2350 όΒροῦτος
897 2264 1041 2348 ὠνόμαζε·
1064 2274 1123 2332 τῶν
1137 2285 1163 2325 2⁰

108 2362 137 2429 δ’
157 2366 301 2430 ἐναντίαν
319 2363 481 2443 Μεσσάλας
500 2366 594 2448 φησίν
617 2368 733 2431 οἴεσθαι
756 2369 875 2443 πλείους
897 2361 916 2448 ἢ
940 2367 1122 2443 διπλασίους.

108 2459 164 2546 (of.
182 2466 258 2544 App.
278 2469 304 2528 b.
324 2485 350 2529 ο.
366 2468 387 2526 Ι
391 2466 417 2525 V
431 2461 514 2547 112.)

197 2557 255 2625 4*.
283 2565 352 2626 Tae.
367 2583 438 2626 ακκ.
453 2565 559 2625 luet
582 2564 717 2626 Messalla
740 2563 888 2625 Coruinus
911 2566 1121 2643 imperatorem

108 2667 197 2712 suum
220 2651 355 2715 Cassium
378 2653 576 2732 praedicabat.

198 2735 257 2804 5³³.
281 2743 522 2817 stellante
545 2742 769 2804 Conuiuabatur
793 2740 974 2819 [Αυςυολυο]
1003 2740 1120 2801 assidue
1135 2755 1161 2797 es

108 2847 165 2890 neo
179 2848 320 2910 umquam
335 2832 394 2892 nisi
407 2839 501 2913 recta,
516 2847 576 2892 non
592 2834 656 2893 sine
674 2849 781 2910 magno
800 2831 939 2892 ordinum
957 2829 1123 2890 bominum-

108 2935 168 2998 que
176 2918 297 2981 dilectu.
312 2919 446 2983 Valerius
456 2919 580 2981 Messala
589 2921 682 2982 tradit
695 2923 844 2981 neminem
859 2937 1000 2999 umquam
1010 2918 1123 2979 liberti·

107 3023 215 3068 nerum
235 3008 400 3070 adhibitum
420 3008 456 3070 ab
476 3027 511 3070 eo
531 3026 621 3070 oenae
641 3017 764 3089 excepto
782 3008 867 3070 blena
887 3008 938 3070 sed
958 3017 1072 3069 asserto
1091 3009 1122 3067 in

107 3097 322 3175 ingenuitatem
345 3106 414 3176 post
437 3099 583 3178 proditam
608 3097 691 3159 Sexti
713 3098 836 3178 Pompei
859 3096 993 3159 classem.

199 3180 259 3248 6²¹⁸.
283 3188 389 3249 Seneo.
402 3205 484 3248 suas.
498 3188 526 3267 1,
543 3188 564 3247 7
587 3185 783 3249 Bellissimam
806 3195 904 3248 tamen
928 3203 992 3247 rem
1011 3184 1123 3247 Dellius
1136 3201 1163 3241 ου

107 3271 191 3354 (lixit,
211 3293 300 3354 quem
317 3273 443 3337 Messala
456 3275 605 3337 Coruinus
623 3275 806 3338 desultorem
823 3275 970 3337 bellorum
989 3275 1123 3336 ciuilium

108 3368 211 3445 uocat,
239 3365 308 3442 quia
331 3365 367 3426 ab
391 3363 540 3426 Dolabella
563 3365 600 3426 ad
626 3364 760 3426 Cassium
788 3367 969 3427 transiturus
997 3363 1123 3425 salutem

108 3449 167 3511 sibi
189 3458 295 3530 paetus
318 3461 377 3534 est,
400 3456 426 3514 si
449 3451 628 3514 Dolabellam
651 3454 822 3534 ooeidisset3
851 3471 867 3514 a
891 3453 992 3514 Cassio
1015 3451 1122 3514 deinde

108 3541 228 3601 transiit
250 3541 288 3601 ad
310 3542 481 3625 Antonium,
503 3544 667 3604 nouissime
691 3541 728 3603 ab
752 3543 879 3603 Antonio
902 3542 1063 3622 transfugit
1086 3541 1121 3602 ad

108 3627 273 3691 Caesarem.
298 3623 354 3714 (ef.
369 3633 443 3694 Bell.
458 3640 522 3695 test.
533 3651 564 3710 p.
579 3627 669 3712 250.)
1133 3625 1164 3686 ‘³⁵
