2620 4054
181 208 248 274 344
465 227 475 245 ·
519 207 619 264 num
635 207 729 263 Ivrtn
745 205 859 264 count

181 361 234 439 qui
246 371 307 420 non
325 357 453 424 multum
469 358 607 438 proiecit
629 375 698 419 nam
717 365 747 422 ot
765 375 859 438 peuce
877 359 1011 439 repperit
1026 366 1060 420 ot
1074 358 1200 438 indigna

181 458 359 528 memoratu,
388 447 530 510 adserens
560 463 592 508 se
618 449 741 508 minima
768 465 904 527 quaeque
934 455 1200 528 persequutumm,

182 539 268 617 quasi
298 537 349 598 uel
381 537 418 598 cle
445 536 572 597 Traiano
600 544 652 598 aut
678 535 732 597 Pin
760 544 812 599 aut
838 536 939 598 liaroo
964 537 1121 599 sciendum
1148 539 1200 618 n't,

182 627 321 706 quotiens
347 628 543 706 processerit,
574 626 692 705 quando
718 624 803 687 cibos
830 628 994 689 uariauarit
1021 634 1052 687 et
1079 627 1199 707 quando

181 724 298 776 uestem
325 718 486 778 mutauorit
509 723 540 775 et
564 733 638 794 quos
663 715 782 794 quanm
807 717 1002 796 promouerit.
1019 731 1022 738 ’
1039 734 1115 796 quoe
1145 715 1229 780 illes
1292 707 1293 712 ¹

183 805 281 865 omnia
291 804 481 884 exsequendo
495 803 589 865 libros
602 804 800 885 mythistoriis
810 803 939 884 replerut
951 805 1020 866 talia
1029 803 1198 886 scribendo,

183 912 251 955 eunt
268 895 387 956 minino
402 911 505 958 renam
519 893 626 955 uilium
640 903 692 955 aut
705 893 786 955 nulla
800 893 957 956 scribenda
972 896 1095 956 siuteut
1106 895 1199 954 nimis

182 1000 289 1064 pauca,
311 985 339 1043 si
361 990 461 1044 tanam
477 998 516 1042 ex
534 982 584 1044 his
606 999 706 1044 mores
722 985 841 1062 possint
857 982 1068 1061 animaduerti,
1089 985 1141 1062 qui
1162 999 1198 1042 re

181 1090 253 1133 uera
278 1070 392 1133 sciendi
406 1080 484 1152 sunt,
504 1072 557 1134 sed
572 1089 607 1132 ox
620 1079 715 1152 parte,
734 1079 769 1132 ut
786 1090 823 1132 ex
839 1089 876 1132 ea
890 1079 989 1134 cetera
1009 1071 1196 1151 colligatione.

148 1162 182 1230 2.
210 1171 290 1232 Clod.
305 1169 393 1244 5,10
416 1168 498 1240 Quae
518 1169 620 1248 [ciana
639 1167 772 1250 imperii]
792 1170 845 1250 qui
863 1167 944 1230 uolet
962 1186 1059 1249 nosse,
1078 1167 1198 1230 Helium
1212 1193 1243 1231 ιο
1292 1171 1293 1210 l

182 1257 313 1320 Cordum
326 1257 412 1338 legat,
427 1261 479 1338 qui
492 1258 600 1324 friuola
613 1275 705 1340 super
718 1259 809 1322 huius
826 1257 907 1322 modi
925 1257 1075 1319 ominibus
1089 1264 1198 1319 cuncta

181 1350 381 1426 persequitur.
407 1346 465 1426 [fr.
484 1346 525 1426 1.]
550 1349 638 1412 Max.
650 1349 738 1428 31‚4
765 1347 857 1428 Legat
879 1346 1025 1427 Cordum,
1049 1349 1102 1427 qui
1123 1346 1197 1407 haec

182 1438 280 1516 omnia
305 1435 433 1518 [omino]
457 1455 553 1520 usque
577 1435 613 1498 ad
637 1436 772 1498 tabellam
796 1437 924 1514 scripsit.

118 1583 130 1608 a,
146 1527 182 1596 3.
205 1533 293 1595 Moe.
321 1541 351 1594 et
376 1533 462 1595 earo.
483 1535 514 1609 4,
537 1535 558 1594 5
594 1533 654 1595 Sed
682 1535 857 1614 priusquam
885 1532 921 1593 de
949 1529 1065 1594 actibus
1093 1550 1199 1594 eorum
1292 1543 1293 1556 ¹

183 1619 331 1701 [Maximi
352 1630 383 1684 et
399 1619 536 1700 Balbini]
560 1624 673 1704 loquar,
692 1623 789 1707 placet
808 1621 905 1701 aliqua
924 1621 984 1683 dici
1007 1623 1043 1683 de
1062 1619 1198 1682 moribus
1214 1647 1244 1686 ιε)

183 1719 272 1792 atque
294 1729 418 1794 genere,
441 1730 501 1772 non
525 1731 560 1773 eo
583 1713 684 1792 modo,
708 1729 768 1790 quo
789 1707 894 1773 lunius
918 1711 1033 1772 Cordus
1061 1717 1108 1772 est
1126 1723 1196 1790 per-

183 1808 305 1862 secutus
328 1803 435 1880 omnia,
458 1801 510 1861 sed
533 1801 583 1861 illo
609 1819 667 1882 quo
689 1797 859 1862 Suetonius
874 1799 1067 1880 Tranquillus
1090 1807 1121 1862 et
1143 1797 1194 1860 Va·
1292 1799 1293 1804 ’

182 1889 275 1951 lerius
292 1885 483 1951 Marcellinus
503 1887 547 1968 [p.
562 1887 661 1972 Mol,
684 1892 820 1969 mannis
839 1889 947 1952 Curius
966 1887 1198 1951 Fortunatianus

184 1977 230 2056 [p.
243 1977 338 2060 343]‚
357 1981 409 2058 qui
423 1995 541 2040 omnem
555 1979 632 2040 hanc
645 1976 801 2041 historiam
815 1980 1000 2062 perscripsit,
1014 1995 1108 2060 pauca
1128 1995 1197 2038 con

182 2069 292 2146 tigerit,
309 2067 425 2129 Cordus
444 2087 517 2128 uero
534 2077 595 2129 tam
614 2068 715 2149 multa,
734 2076 768 2129 ut
786 2071 876 2130 etiam
892 2067 1034 2149 pleraque
1054 2076 1084 2128 et
1098 2068 1197 2128 minus
1211 2090 1243 2130 oo

182 2157 308 2217 honesta
330 2158 549 2238 perscripserit.
573 2153 649 2238 (uid.
659 2157 705 2236 sr.
718 2159 748 2220 3.
763 2151 831 2242 10.)

147 2231 181 2299 4·
205 2256 292 2316 Mau.
306 2255 362 2328 27,
377 2255 399 2316 7
414 2253 454 2314 Vt
470 2251 575 2316 iunius
592 2253 709 2316 (lorum
727 2255 869 2337 loquitur,
887 2255 993 2317 harum
1012 2272 1112 2316 rerum
1131 2271 1196 2331 per-

183 2352 303 2404 secutor
325 2337 458 2426 (sr.11).

481 2490 651 2552 Vtriuvu
669 2494 898 2554 FRAGMENTA

273 2601 307 2670 l.
336 2609 416 2670 etot.
430 2609 496 2672 Are.
511 2609 577 2686 5‚3
596 2609 672 2672 Huic
689 2610 813 2694 [Clodio
827 2605 948 2684 Albino]
967 2605 1060 2667 multa
1078 2607 1197 2685 imperii

183 2701 275 2779 signa,
299 2716 366 2758 oum
392 2705 471 2760 esset
493 2707 590 2781 natus,
612 2701 690 2762 iacta
713 2699 861 2761 dicuntur.
890 2713 957 2756 nam
981 2694 1089 2756 ethos
1112 2693 1196 2756 albus
1210 2717 1240 2759 aa

183 2788 344 2868 purpureis
367 2786 404 2848 ad
427 2785 548 2871 plenum
572 2789 702 2852 colorem
725 2786 867 2849 cornibus
894 2792 982 2846 natus
1007 2789 1065 2848 est,
1102 2783 1196 2866 [quod

182 2875 350 2938 mirandum
382 2873 454 2960 init,
486 2896 555 2939 cum
587 2873 752 2954 cornibus]
786 2892 861 2954 quae
890 2881 990 2936 tamen
1023 2875 1054 2936 in
1085 2875 1197 2955 templo

182 2963 327 3048 Apollinis
351 2964 474 3028 Cumani
498 2967 533 3027 ab
558 2967 660 3027 eodem
683 2967 779 3044 posita
802 2966 861 3024 iam
882 2961 1006 3026 tribuno
1030 2963 1080 3026 diu
1104 2963 1197 3025 fuisse

183 3054 337 3135 dicuntur,
361 3055 450 3136 quod,
468 3074 537 3117 oum
555 3054 616 3115 illie
639 3060 751 3113 sortem
775 3053 811 3114 de
835 3053 895 3114 sato
918 3068 973 3114 suo
996 3052 1127 3138 tolleret,
1150 3053 1196 3114 his

182 3143 322 3204 uersibus
346 3144 443 3205 eidem
465 3144 575 3204 dieitur
598 3159 663 3202 esse
687 3160 879 3222 responsum:
1210 3163 1238 3204 eo

228 3228 298 3293 ‘Hic
321 3250 385 3296 rem
408 3233 568 3294 Romanam
592 3249 699 3310 magno
721 3231 862 3296 turbante
886 3231 1016 3294 tumultu

246 3323 332 3383 sistet
354 3339 456 3401 eques,
479 3327 594 3382 sternet
615 3319 732 3382 Poenos
756 3319 931 3400 Gallumque
954 3316 1122 3381 rebellem'.

182 3412 266 3470 etin
290 3409 381 3471 Gallia
405 3410 525 3488 quidem
549 3427 616 3470 eum
639 3409 748 3471 multas
772 3417 876 3489 gentes
899 3409 1049 3470 domuisse
1073 3416 1196 3470 constat.

182 3501 246 3579 ipse
261 3506 361 3560 autem
375 3498 584 3578 suspicabatur
599 3499 638 3560 ‹lo
657 3499 771 3560 Seuero
790 3498 848 3559 sibi
866 3498 1052 3577 praedictum
1071 3493 1199 3560 ‘sternet
1292 3563 1293 3576 ἢ

181 3583 320 3669 Poenos',
342 3586 423 3667 quod
447 3586 610 3667 Septimius
632 3589 706 3650 tior
725 3595 815 3650 essct
843 3587 900 3649 suit
923 3595 954 3649 et
976 3586 1056 3650 alid
1079 3588 1196 3668 signum
1210 3607 1238 3650 oe
