2640 4052
122 2303 173 2357 752

199 213 243 279 46
533 214 570 270 Μ.
589 213 711 271 Poncn
729 212 884 272 CATONIS

198 365 296 444 primo
318 363 395 424 libro
419 365 567 443 originum
587 363 708 426 Catonis
731 364 858 444 diligens
881 364 975 426 lector
997 365 1141 426 inueniet.
1173 367 1215 427 ait

199 454 278 514 enim
301 451 478 514 Mezentium
502 452 621 514 Rutulis
645 456 821 535 imperasse,
844 461 878 515 ut
897 453 955 516 sibi
978 453 1121 516 offerrent
1140 473 1214 534 quas

199 541 244 603 dis
267 543 414 621 primitias
437 542 616 623 offerebant,
638 550 669 603 et
692 542 815 604 Latinos
838 561 941 604 omnes
966 543 1071 604 similis
1094 545 1215 624 imperii

197 638 280 692 metu
307 633 349 692 ita
376 633 511 692 uouisse:
540 627 704 712 ‘luppiter,
732 634 759 693 si
786 631 841 693 tibi
864 634 957 712 magis
981 632 1065 694 cordi
1088 639 1134 694 est
1156 650 1212 694 nos

197 738 231 781 ea
252 719 308 781 tibi
327 720 398 782 dare
416 723 517 799 potius
536 737 625 800 quam
643 719 802 802 Mezentio,
821 723 867 783 uti
884 739 940 783 nos
954 723 1086 783 uictores
1101 717 1240 783 iacias'.⁵

288 803 395 872 13**.
424 811 512 872 Seru.
528 813 572 871 ad
588 811 661 872 Aen.
682 809 781 871 1269
809 809 895 881 Quod
919 810 989 872 Cato
1012 812 1067 891 ait,
1091 812 1213 890 triginta

197 900 283 959 annis
307 897 432 978 expletis
455 917 524 960 eum
549 897 742 978 [Ascanium]
767 898 871 961 Alliam
893 900 1071 961 condidisse.

288 982 397 1052 14**.
422 990 565 1050 Secund
579 989 666 1064 Vero.
677 991 751 1050 Aen.
761 989 905 1050 X11134
923 988 1049 1050 siluno
1064 1007 1080 1050 e
1095 1007 1212 1050 summo

196 1078 250 1156 qni
267 1095 348 1140 nunc
367 1076 498 1140 Albanus
516 1076 656 1158 habetur,
670 1084 735 1138 tum
753 1095 851 1158 neque
870 1096 979 1140 nomen
998 1085 1062 1140 erat
1078 1109 1129 1159 -·,
1142 1096 1211 1157 pro·

197 1165 340 1246 spiciens]
365 1166 506 1228 Catonem
530 1168 675 1247 sequitur,
695 1168 747 1246 qui
765 1165 911 1229 Albanum
931 1175 1062 1229 montem
1081 1166 1118 1228 ab
1137 1166 1211 1228 tila
1226 1176 1252 1216 1⁰

196 1254 283 1334 longa
305 1262 391 1335 putat
414 1255 535 1320 dictum.

288 1346 396 1415 15**.
420 1353 543 1432 Dionys.
560 1353 637 1414 179
660 1351 735 1434 Περὶ
754 1351 787 1415 oi
807 1356 868 1416 cciv
890 1352 923 1415 ίκ
945 1357 997 1434 τῆς
1016 1345 1105 1428 Ἰλίας
1126 1375 1211 1436 γενο-

196 1445 295 1530 μένων
313 1445 440 1526 Κόιντος
458 1448 513 1531 μὲν
532 1446 647 1533 Φάβιος
669 1446 686 1515 ὃ
704 1453 823 1534 Πίκτωρ
847 1446 1017 1534 λεγόμενος,
1036 1439 1060 1536 ᾧ
1079 1443 1210 1524 Λεύκιός

195 1573 225 1612 τε
243 1550 366 1632 Κίγκιος
384 1549 434 1611 καλ
452 1545 561 1613 Κοίτων
583 1546 714 1632 Πόρκιος
736 1548 786 1612 καλ
809 1551 914 1612 Πίσων
931 1542 1141 1630 Καλπούρνιος
1159 1547 1211 1610 καί

195 1650 254 1709 τῶν
277 1641 375 1709 illino
397 1646 594 1731 συγγραφέων
616 1649 648 1711 oi
667 1648 786 1723 πλείους
808 1642 1030 1728 ἠκολούθησαν,
1052 1644 1209 1729 γέγραφεν.
1224 1657 1250 1698 1⁵
1304 1647 1305 1708 l

195 1745 269 1806 nac.
285 1745 398 1822 [rcum.
413 1741 450 1807 5¹³
460 1767 491 1825 p.
507 1747 596 1824 9sqq.

289 1837 394 1906 16**.
432 1845 571 1908 Macrob.
595 1853 651 1907 sut
677 1847 772 1922 110,
795 1847 839 1907 16
875 1845 946 1908 Cato
974 1847 1015 1907 ait
1040 1846 1209 1908 Larentiam

194 1934 364 1994 meretricio
388 1941 515 2014 quaestu
541 1934 750 2014 locupletatam
773 1944 842 2015 post
865 1953 1021 1997 excessum
1046 1955 1132 1997 snum
1155 1955 1208 2016 po-

193 2021 263 2101 pulo
287 2021 418 2083 Romano
438 2042 525 2103 agros
543 2023 689 2086 Turacem
709 2023 880 2086 Semurium
901 2024 1062 2086 Lintirium
1085 2033 1115 2086 et
1134 2025 1209 2086 Soli·

193 2113 276 2172 nium
304 2110 462 2192 reliquisse
490 2120 521 2173 et
550 2113 617 2174 ideo
645 2112 776 2193 sepulcri
799 2114 1016 2194 magnificentia
1040 2122 1070 2175 et
1093 2133 1208 2177 annuae
1223 2125 1250 2166 ²0

193 2201 407 2279 parentationis
421 2199 534 2263 honore
549 2201 707 2283 dignatam.
723 2194 778 2286 (cs.
795 2204 893 2266 γυῖον.
906 2202 948 2279 fr.
960 2204 986 2265 1.
1001 2204 1099 2265 Licin.
1110 2203 1152 2279 fr.
1163 2198 1207 2287 1.)
1302 2231 1304 2358 ρ

285 2293 392 2360 17**.
421 2299 546 2378 Dionys
567 2300 650 2360 174
681 2293 791 2361 Κάτων
818 2298 851 2362 δὲ
877 2296 1009 2382 Πόρκιος
1033 2294 1209 2381 Ἑλληνικὸν

192 2390 246 2473 μὲν
269 2390 325 2476 οὐχ
347 2390 435 2477 ὁρίζει
457 2392 581 2479 χρόνον,
608 2391 747 2478 ἐπιμελὴς
774 2395 807 2459 tt
833 2392 1006 2480 γενόμενος,
1034 2398 1061 2459 εί
1086 2399 1138 2460 καί
1164 2423 1208 2474 τις
1302 2403 1303 2492 l

191 2487 288 2572 ίίλλος,
311 2493 379 2574 ιτερλ
404 2489 459 2575 τὴν
488 2491 669 2578 συναγωγίν
695 2500 749 2576 τῆς
771 2490 1057 2578 ἀρχαιολογουμένης
1079 2496 1209 2578 ἱστορίας
1302 2495 1303 2568 l

190 2589 282 2653 ἔτεσιν
305 2586 467 2672 ἀποφαίνει
490 2592 558 2656 δυσί
581 2592 631 2656 καλ
653 2588 809 2674 τριάκοντα
834 2593 885 2656 καί
906 2594 1101 2674 τετρακοσίοις
1122 2589 1205 2657 icte-
1220 2606 1247 2648 2⁵

190 2691 303 2769 ροῦσαν
321 2694 380 2753 τῶν
395 2681 536 2754 Ἰλιακῶν.
575 2685 631 2773 (ec
644 2695 791 2772 Dionysio
806 2693 966 2770 Synceiius
981 2709 1011 2766 p.
1026 2691 1094 2752 365
1113 2693 1205 2754 Dind.

190 2779 299 2841 Enoch.
310 2797 385 2841 urm.
393 2799 424 2858 p.
429 2780 491 2841 281
501 2773 587 2864 Seli.)
598 2783 674 2860 Lyd.
686 2785 725 2844 de
735 2799 813 2857 mnu.
825 2782 846 2840 I
851 2781 870 2840 1
876 2800 906 2858 p.
921 2778 984 2840 122
992 2780 1048 2842 Blc.
1062 2774 1207 2843 ἄνιίονται

188 2872 348 2950 τοιγαροῦν
371 2867 404 2931 ἐκ
425 2873 477 2950 τῆς
496 2869 621 2933 Αἰνείου
640 2869 688 2932 ἐντί
706 2865 762 2950 τὴν
776 2865 901 2932 Ἰταλίαν
920 2863 1057 2949 παρόδου
1077 2867 1133 2943 ἕως
1150 2873 1205 2933 τοῦ

189 2969 335 3046 πολισμοῦ
356 2970 409 3047 τῆς
421 2961 537 3047 Ῥώμης
555 2966 685 3031 ἕνιαυτολ
702 2963 739 3030 θ’
756 2965 807 3029 καί
824 2962 854 3028 λ’
872 2965 923 3028 καί
940 2959 968 3028 ν’
988 2962 1062 3029 κατὰ
1076 2962 1207 3029 Κάτωνα

188 3058 240 3126 τὸν
261 3067 380 3144 πρῶτον
401 3063 452 3126 καί
473 3059 620 3145 Βάρρωνα
641 3061 711 3140 τοὺς
728 3059 899 3144 Ῥωμαίους.
1219 3087 1247 3130 ao

281 3157 363 3225 18*.
384 3163 522 3226 Sernes}
532 3166 619 3241 Verp.
629 3167 703 3227 Aen.
721 3163 816 3223 V755
826 3161 935 3223 Vrbem
945 3161 1202 3239 designataratro]

188 3251 282 3323 Quem
294 3251 365 3314 Cato
379 3253 411 3314 in
426 3253 591 3334 originibus
605 3254 678 3315 dicit
693 3270 807 3314 morem
817 3252 918 3313 misse.
942 3249 1112 3311 conditores
1122 3251 1203 3311 enim

188 3343 318 3403 ciuitatis
333 3350 452 3403 taurum
470 3344 501 3403 in
516 3342 681 3424 dexteram,
699 3359 821 3404 uaccam
839 3342 1019 3401 intrinsecus
1038 3338 1203 3417 iungebant

188 3438 218 3493 et
239 3433 364 3493 incincti
391 3433 452 3493 ritu
476 3430 602 3512 Gabino,
629 3433 660 3494 id
688 3440 734 3493 est
761 3438 846 3509 togae
876 3435 961 3508 parte
988 3435 1078 3506 caput
1101 3427 1202 3511 ueluti,

147 3557 152 3568 2
187 3528 270 3600 parte
290 3522 445 3600 succincti,
463 3519 605 3581 tenebant
619 3523 726 3583 stiuam
745 3523 914 3598 incuruam,
932 3524 967 3578 nt
979 3515 1082 3596 glebae
1096 3535 1201 3578 omnes
1217 3531 1246 3572 es

186 3610 368 3672 intrinsecus
386 3608 535 3670 caderent.
568 3617 598 3670 et
621 3611 662 3671 ito
682 3610 765 3672 sulco
784 3608 874 3669 ducto
893 3606 957 3668 loca
975 3624 1129 3668 murorum
1151 3605 1201 3668 de·
