2640 4052
187 216 230 282 10
526 215 558 283 Q.
576 214 675 271 FABII
692 215 861 274 PICTORIS

184 359 237 429 τὸν
262 363 383 447 Τέβεριν
410 358 470 428 ύπδ
497 357 652 446 χειμάνων
679 369 812 447 συνεχῶν
838 361 1069 447 ἐκτετραμμέμον
1096 366 1138 441 είς
1165 361 1201 428 τδι

183 463 284 542 πεδία,
307 458 486 544 καταβάντες
507 457 568 526 άπδ
590 467 643 526 τοῦ
661 464 851 526 Παλλαντίου
873 468 926 546 τῆς
947 468 1084 546 κορυφῆς
1102 462 1151 528 ἐπί
1168 459 1200 528 τὸ

184 554 414 643 προσεχέστατον
439 555 523 642 ύδωρ
546 553 598 644 (ού
620 557 678 643 γάρ
700 561 741 624 ἐτι
762 557 938 645 προσωτέρω
961 568 1068 645 χωρεῖν
1090 556 1202 626 οἷοίτε

184 649 277 744 ἦσαν)
304 658 381 722 ἐνθα
408 663 526 740 πρῶτον
558 653 578 740 ἡ
606 663 659 722 τοῦ
685 664 821 740 ποταμοῦ
847 656 948 742 πλήμη
974 665 1027 743 τῆς
1053 654 1202 742 ύπωρτίας
1251 683 1254 692 ·

184 755 305 839 ἥπτετο,
327 758 459 822 τίθενται
483 752 539 839 τὴν
567 751 688 838 σκάφην
716 756 765 820 ἐπί
786 761 840 822 τού
861 754 979 834 ύδατος.
1019 753 1039 840 ἡ
1063 755 1097 820 δέ
1119 756 1227 841 μέχριο

185 855 240 938 μέν
260 869 341 931 τινος
364 852 496 938 ἐνήχετο,
519 856 618 919 έπειτα
638 859 693 920 τού
711 857 836 939 ῥείθρου
858 852 932 920 κατά
955 851 1062 939 μικρὸν
1083 851 1200 938 ύποχτο·

185 959 309 1037 ροῦντος
332 953 364 1017 ἐκ
382 959 442 1018 τῶν
459 952 527 1037 περί
544 954 651 1036 ἔσχατα
668 956 758 1018 λίθου
780 958 970 1036 προσπταίσει
992 959 1200 1036 περιτραπεῖσα
1314 991 1315 1012 τ

140 1085 142 1090 ·
184 1049 318 1135 ἐκβάλλει
344 1047 380 1115 τά
406 1051 514 1135 βρέφη.
559 1048 595 1114 τδι
623 1051 678 1134 μέν
700 1049 737 1137 δὴ
761 1050 947 1135 κνυζούμενα
969 1047 1042 1117 αοτδι
1064 1056 1117 1116 τού
1139 1051 1200 1116 τέλ-

185 1173 275 1233 ματος
292 1150 486 1230 ἐκυλινδεῖτο,
504 1145 631 1213 λύκαινα
648 1149 682 1213 δέ
698 1175 742 1226 τις
760 1150 937 1232 ἐπιφανεῖσα
955 1147 1091 1226 νεοτόκος
1109 1169 1200 1232 σπαρ-

183 1253 266 1332 γῶσα
286 1243 358 1323 τούς
381 1243 511 1329 μαστούς
532 1243 592 1312 ύπδ
614 1244 758 1332 γάλακτος
782 1244 924 1313 άνεδίδου
946 1245 998 1324 τδις
1019 1243 1117 1329 θηλάς
1137 1253 1199 1323 τοῖς
1213 1278 1240 1319 10

184 1343 325 1428 στόμασιν
343 1340 442 1410 αύτῶν
461 1347 514 1409 καί
528 1351 563 1431 τῇ
581 1342 692 1431 γλῶττη
709 1338 762 1411 τὸν
775 1337 920 1434 πηλόν,ᾧ
938 1341 1096 1409 κατάπλεοι
1109 1337 1199 1427 ἦσαν,

184 1441 338 1527 άπελίχμα.
378 1443 412 1507 ἐν
435 1442 468 1508 δὲ
489 1441 583 1530 τούτφ
606 1441 804 1529 τυγχάνουσιν
822 1447 854 1508 οί
874 1451 974 1525 νομεῖς
996 1439 1200 1520 ἐξελαύνοντες

183 1540 236 1620 τδις
258 1539 364 1627 άγέλας
386 1542 436 1606 ἐπί
457 1538 555 1625 νομήν
578 1537 653 1628 (ἤδη
674 1538 731 1626 γάρ
750 1539 877 1625 ἐμβατὸν
895 1533 983 1624 ἦντὸ
1001 1536 1125 1626 χωρίον)
1148 1543 1202 1605 καί
1309 1527 1315 1580 ‘¹

183 1664 227 1716 τις
249 1636 350 1704 αύτῶν
372 1636 447 1705 ίδῶν
469 1637 525 1723 τὴν
547 1637 692 1704 λύκαιναν
717 1635 757 1715 ῶς
782 1635 927 1722 ἠσπάζετο
949 1635 985 1702 τά
1007 1637 1104 1721 βρέφη
1127 1638 1200 1716 τέως

102 1787 104 1792 -
184 1735 239 1819 μέν
257 1732 371 1821 άχανὴς
387 1729 428 1822 ἦν
445 1733 506 1802 ύπύ
523 1761 552 1801 τε
570 1733 711 1820 θάμβους
728 1737 778 1800 καί
796 1733 931 1812 ἀπιστίας
948 1742 1007 1800 τῶν
1029 1737 1198 1820 θεωρουμέ·
1213 1766 1239 1808 15

183 1852 260 1900 νων·
283 1833 371 1900 ἔπειτ’
397 1832 539 1901 άπελθῶν
561 1836 611 1899 καί
634 1834 772 1910 συλλέξας
790 1831 881 1910 ὅσους
898 1831 1024 1899 ἐδύνατο
1047 1838 1199 1912 πλείστους

183 1939 243 1999 τῶν
265 1929 359 2018 άγχοῦ
382 1931 533 2016 νεμόντων
556 1930 608 2018 (ού
630 1930 688 2018 γάρ
709 1930 872 1998 ἐπιστεύετο
895 1929 1003 2019 λέγων)
1025 1931 1091 2018 άγει
1112 1925 1199 2016 τοῦρ-

184 2058 238 2118 γον
265 2027 337 2097 αύτδ
364 2032 577 2115 θεασομένους.
623 2028 663 2108 ῶς
690 2030 723 2096 δέ
750 2027 882 2097 κάκεῖνοι
908 2035 1035 2114 πλησίον
1061 2029 1199 2109 ἐλθόντες

183 2225 355 2312 ἐξεχόμενα,
379 2223 536 2310 δαιμόνιόν
562 2251 590 2289 τι
611 2233 708 2309 χρῆμα
735 2224 810 2311 δρῶν
832 2223 1032 2311 ὑπολαβόντες
1054 2228 1197 2313 ἐγγυτέρω
1212 2258 1239 2300 20
1310 2273 1316 2294 τ

124 2416 128 2421 ι
182 2320 354 2415 προσῄεσαν
367 2323 477 2408 άθρύοι
495 2321 693 2406 δεδιττόμενοι
706 2329 764 2415 βοη
778 2322 810 2390 τδ
824 2328 944 2408 θηρίον.
980 2321 1000 2409 ἡ
1020 2326 1053 2391 δέ
1071 2321 1199 2393 λύκαινα

184 2423 222 2491 ού
252 2423 330 2510 μάλα
359 2422 553 2508 άγριαίνουσα
581 2427 641 2486 τῶν
670 2419 843 2507 άνθρτόπων
876 2431 911 2510 τῇ
945 2422 1101 2514 προσόδῳ,
1131 2423 1195 2491 ἄλλ’

184 2521 321 2607 ὡσπερὰν
343 2519 504 2606 χειροήθης
530 2515 684 2585 άποστᾶσα
709 2527 769 2587 τῶν
790 2525 913 2606 βρεφῶν
934 2521 1030 2607 ἠρέμα
1051 2521 1198 2589 καὶκατὰ

182 2618 298 2704 πολλὴν
320 2617 443 2704 άλογέαν
465 2623 518 2682 τοῦ
540 2625 715 2698 ποιμενικοῦ
744 2617 849 2704 δμίλον
871 2618 969 2708 άπῄει.
1013 2615 1054 2706 ἦν
1076 2621 1133 2708 γάρ
1154 2648 1198 2700 τις

183 2716 221 2785 ού
239 2715 316 2785 πολύ
334 2715 453 2798 ἀπέχων
470 2715 587 2779 ἐκεῖθεν
608 2713 687 2799 ἱερὸς
708 2723 803 2809 χῶρος
819 2716 877 2805 ύλη
895 2723 1006 2808 βαθείᾳ
1025 2718 1197 2804 συνηρεφὴς
1211 2746 1237 2788 τε

183 2817 235 2882 καλ
255 2816 345 2897 πέτρα
366 2817 451 2896 κοίλη
473 2809 572 2898 πηγάς
595 2810 725 2897 άνιεῑσα,
751 2815 862 2902 ἐλέγετο
886 2818 919 2883 δὲ
937 2815 1044 2896 Πανὸς
1066 2815 1143 2883 εἶναι
1163 2814 1196 2883 τδ

183 2913 294 2993 νάπος,
308 2911 357 2975 καί
376 2908 477 2995 βωμδς
494 2903 534 2994 ἦν
552 2909 661 2976 αύτύθι
678 2920 733 2979 τοῦ
754 2921 843 2981 θεοῦ·
885 2919 928 2993 είς
943 2923 1029 2982 τούτο
1042 2913 1074 2982 τὸ
1089 2919 1198 3001 χωρίον

65 2215 68 2220 ,
184 2132 301 2214 ἐμαθον
322 2127 378 2213 τὴν
400 2129 454 2213 μέν
473 2123 569 2212 ῶσπερ
590 2129 677 2192 τέκνα
694 2126 908 2213 περιέπουσαν,
926 2127 962 2194 τά
981 2127 1009 2194 δ’
1031 2126 1072 2206 ῶς
1090 2128 1198 2214 μητρδς
1315 2133 1316 2202 J

183 3014 314 3078 ἐλθοῦσα
332 3005 604 3093 άποκρύπτεται.-
616 3002 655 3094 ἦν
674 3011 707 3076 δὲ
724 3009 756 3078 τὸ
774 3017 884 3098 χωρίον
900 3012 961 3079 τῶν
974 3011 1031 3079 σύν
1044 3012 1196 3102 Εύάνδρφ
1312 3037 1316 3054 ε

182 3107 252 3174 ποτέ
279 3103 455 3174 οίκισάντων
482 3104 553 3174 αύτδ
577 3106 732 3194 Ἀρκάδων
759 3110 840 3197 ἱερὸν
868 3109 909 3190 ῶς
935 3113 1055 3197 λέγεται.
1100 3109 1140 3189 ῶς
1163 3111 1197 3176 δὲ

183 3202 293 3286 άπέστη
320 3200 352 3268 τδ
379 3208 491 3288 θηρίον
518 3209 655 3292 αἴρουσιν
682 3213 714 3276 οί
741 3219 842 3294 νομεῖς
870 3206 906 3274 τά
933 3210 1032 3294 βρέφη
1060 3207 1196 3294 σπονδὴν
1210 3235 1237 3277 εο

183 3299 358 3386 ποιούμενοι
382 3303 502 3387 τρέφειν
529 3301 604 3370 αύτά
637 3303 678 3384 ῶς
703 3313 786 3373 θεῶν
817 3303 965 3384 σῶζεσθαι
996 3293 1196 3392 βουλομένων.

183 3392 223 3482 ἦν
246 3400 280 3466 δέ
306 3425 349 3478 τις
378 3402 411 3467 ἐν
440 3399 542 3480 αύτοῖς
568 3408 761 3488 συοφορβίων
787 3410 949 3489 βασιλικῶν
970 3403 1197 3488 ἐπιμελούμενος

183 3494 314 3581 ἐπιεικὴς
336 3496 427 3585 άνὴρ,
452 3500 616 3578 Φαιστύλος
638 3501 749 3586 όνομα,
776 3498 811 3578 ὃς
838 3503 871 3566 ἐν
897 3509 933 3590 τῇ
956 3498 1134 3568 πόλεικατὰ
1157 3502 1197 3588 δη’

182 3621 208 3662 τι
231 3593 396 3683 άναγκαίον
423 3597 552 3683 ἐγεγόνει
579 3597 651 3664 καθ’
677 3597 714 3666 δν
736 3597 845 3684 χρόνον
865 3595 886 3683 ἡ
912 3598 1016 3683 φθορά
1039 3605 1091 3684 τῆς
1109 3599 1197 3680 Ἰλίας
