2620 4054
390 192 419 248 G.
440 191 646 250 SVETONIVS
666 192 858 250 PAVLINVS.
1066 191 1133 259 305

118 344 223 404 uictos.
247 342 294 402 his
309 343 447 421 superior
461 361 530 421 pars
545 345 680 422 corporis
699 341 772 403 dura
791 351 821 403 et
844 341 1068 423 inpenetrabilis
1087 349 1134 404 est

117 433 207 491 etiam
226 433 373 492 maiorum
392 431 562 493 animalium
581 430 730 511 dentibus,
744 439 774 494 at
787 432 911 494 interior
926 431 1022 494 mollis
1037 450 1071 494 ac
1090 439 1132 494 te·

118 537 199 580 nera.
212 520 289 581 banc
303 519 436 599 delphini
451 522 554 602 spinis,
565 538 638 600 quas
653 519 742 581 dorso
757 523 921 582 eminentes
936 529 1052 604 gerunt,
1063 520 1132 584 sub·

118 610 209 669 mersi
224 609 418 670 uolnerabant
433 617 463 684 et
481 611 512 670 in
526 609 685 671 aduersum
701 611 777 670 enisi
791 609 970 673 diuidebaut.
995 613 1132 673 rescissis

118 697 174 758 boc
193 697 280 758 modo
299 697 436 777 pluribus
455 701 549 760 ceteri
567 699 650 761 uelut
668 701 732 760 acie
750 717 839 760 uersa
861 700 1046 779 refugerunt.
1146 719 1159 762 s

302 906 344 993 c.
379 897 661 995 svnromvs
693 851 949 996 Pronurus

153 1056 198 1123 (A.
217 1060 261 1112 42.
280 1061 332 1111 '195
360 1055 471 1127 legatus
494 1073 546 1126 pro
568 1058 699 1126 praetore
721 1057 751 1112 iu
773 1057 950 1114 Mauretania
976 1057 1097 1114 feliciter

154 1126 1097 1255 {sutili’fdulttttseffittiudsiisli·„itt

155 1215 227 1323 scobs
244 1269 406 1325 nationibus
423 1269 599 1340 firmatisque
617 1218 780 1341 prabbidib'
802 1271 867 1326 Tne.
886 1274 952 1355 Agr.
966 1277 1007 1326 14.
1029 1271 1098 1328 ‘Sed

153 1341 216 1394 tum
229 1340 364 1395 Paulinus
379 1340 529 1400 Suetonius
548 1341 694 1398 obtinebat
707 1341 867 1411 Britannos,
887 1343 1006 1398 senentis
1023 1343 1096 1400 rnili-

153 1411 212 1465 tiee
232 1412 261 1467 et
278 1428 389 1467 rumore
406 1413 506 1484 populi
521 1443 554 1454 —
570 1412 736 1468 Corbulonis
756 1416 931 1470 concertator
954 1416 1096 1486 receptae·

153 1498 208 1550 que
222 1483 372 1538 Armeniae
390 1484 475 1539 decus
493 1499 616 1553 aequare
630 1483 746 1539 domitis
763 1485 956 1555 perduellibus
970 1501 985 1540 c
1023 1485 1094 1541 iens’

154 1569 218 1609 uun.
232 1553 314 1638 Xllll
326 1560 369 1638 29:
388 1555 578 1638 blensjnsula
588 1555 735 1682 &boum
749 1560 779 1612 et
791 1556 930 1612 seditione
937 1551 998 1614 Bou
1020 1556 1026 1569 '
1045 1573 1096 1614 cue

153 1641 288 1695 oppressa
305 1625 415 1681 mundis
428 1626 494 1681 lulu
508 1625 596 1682 Gloss1
637 1625 756 1682 Romam
773 1629 929 1683 reuocetur.
948 1646 974 1684 a.
989 1634 1031 1684 66.
1043 1633 1095 1686 819

153 1712 210 1753 eos.
231 1697 388 1752 ordinarius
406 1714 458 1768 pro
477 1695 588 1753 Othone
607 1699 706 1753 contra
723 1697 870 1753 Vitellium
888 1700 1029 1783 pugnauit
1047 1701 1097 1756 sed

154 1766 267 1824 Othone
284 1769 398 1824 deuicto
420 1769 484 1838 ipse
508 1785 538 1824 se
552 1769 637 1895 faprpd
654 1768 776 1910 utiptores
794 1771 961 1840 proditioms
979 1772 1096 1827 crimine

565 1856 599 1895 oe
620 1857 667 1895 aur

292 1945 681 2018 (cONtOENTARIORVMr)
699 1945 959 2002 FRAGMENTVM

210 2054 267 2121 l*.
279 2059 356 2122 Ptin.
367 2080 395 2122 n.
409 2061 438 2121 b.
451 2059 526 2120 VM
541 2059 703 2120 Suetonius
711 2059 862 2142 Paulinus,
877 2077 966 2139 quem
980 2061 1133 2123 consulem
1141 2060 1197 2136 Β,

118 2148 264 2228 uidimus,
287 2151 403 2228 primus
426 2149 627 2210 Romanorum
651 2147 761 2209 dueum
784 2156 989 2228 transgressus
1013 2149 1195 2231 queque⁷95

118 2235 266 2298 Atlantem
284 2238 402 2319 ¹aliquot
424 2238 539 2300 milium
558 2240 653 2317 spatio
671 2237 804 2316 prodidit
822 2238 860 2299 de
879 2239 1050 2301 excelsitate
1068 2242 1133 2320 qni-

119 2324 186 2385 dem
210 2327 275 2387 eius
294 2346 369 2406 quae
390 2330 491 2408 ceteri,
509 2329 584 2388 imas
603 2327 719 2389 radices
738 2327 838 2388 densis
857 2327 985 2408 altisque
1003 2329 1132 2408 repletas

119 2413 205 2476 siluis
227 2416 378 2496 incognito
402 2435 511 2496 genere
535 2415 684 2498 arborum,
706 2417 918 2495 proceritatem
941 2417 1133 2498 spectabilem
1147 2451 1173 2490 ω

118 2520 185 2564 esse
208 2503 298 2564 enodi
318 2507 429 2586 nitore,
453 2504 574 2567 frondes
597 2507 734 2585 cupressi
755 2515 964 2585 praeterquam
987 2509 1132 2586 grauitate

118 2591 228 2672 odoris,
251 2595 336 2654 tenui
354 2612 403 2654 eas
423 2594 532 2656 obduci
549 2594 698 2675 lanugine,
717 2594 826 2674 quibus
844 2593 943 2656 addita
962 2603 1025 2656 arte
1044 2615 1133 2675 posse

119 2680 221 2762 quales
236 2701 252 2742 e
266 2680 410 2762 bombyce
423 2691 524 2744 uestes
538 2684 654 2745 conlisi.
677 2685 821 2744 uerticem
836 2683 903 2744 altis
917 2686 1006 2744 etiam
1021 2693 1132 2746 aestate

119 2771 231 2849 operiri
253 2769 382 2831 niuibus.
411 2770 545 2832 decumis
564 2791 596 2833 se
619 2791 654 2833 eo
677 2774 852 2851 peruenisse
876 2775 983 2833 castris
1006 2781 1036 2834 et
1054 2773 1132 2834 ultra

119 2859 156 2919 ad
179 2859 305 2920 fluuium
325 2862 376 2938 qui
395 2859 454 2921 Ger
472 2868 598 2921 uocatur
617 2879 670 2940 per
690 2861 866 2922 solitudines
887 2863 966 2942 nigri
987 2861 1132 2944 pulueris,
1147 2891 1173 2933 1⁵

119 2947 319 3009 eminentibus
343 2948 494 3009 interdum
517 2949 600 3009 uelut
624 2951 738 3011 exustis
761 2950 911 3032 cautibus
937 2950 1000 3012 loca
1020 2951 1132 3013 inhabi-

0 3074 1 3079 κ
118 3036 220 3098 labilia
249 3038 367 3100 feruore
396 3055 573 3118 quamquam
600 3036 725 3099 hiberno
754 3048 888 3119 tempore
912 3048 1043 3120 experto.
1074 3040 1133 3112 Qut

117 3144 280 3204 proxumos
312 3125 479 3187 inhabitent
512 3125 604 3186 saltus
637 3125 763 3187 refertos
796 3127 1021 3207 elephantorum
1056 3129 1131 3190 lera-

119 3233 245 3296 rumque
279 3225 308 3277 et
336 3217 520 3295 serpentium
549 3216 630 3275 omni
657 3233 779 3297 genere,
807 3216 947 3278 Cauarios
976 3218 1132 3300 appellari3

1 3381 2 3384 Ἴ
120 3305 229 3382 qnippe
243 3307 357 3366 uictum
372 3307 437 3366 eius
456 3302 589 3364 animalis
606 3304 810 3383 promiscuum
824 3305 872 3366 bis
886 3325 952 3367 esse
966 3316 996 3368 et
1011 3307 1132 3370 diuidua
1147 3338 1174 3377 ,ο

1 3423 3 3448 r
119 3389 250 3454 lerarnm
273 3396 398 3455 uiscera.

172 3691 262 3738 Pnun.
278 3693 339 3735 Hist.
354 3692 419 3733 Rom.
434 3693 515 3744 lragm
