2620 4054
434 253 664 309 FRAGMENTA
684 261 797 311 ιε-ιο.
1060 245 1126 322 275

107 403 181 460 σθαι
200 404 296 486 σιωπῇ
315 399 365 462 καί
384 396 424 482 μὴ
443 408 702 484 πολυπραγμονεῖν
721 399 792 484 μηδ’
809 400 959 484 ἐξετάζειν,
973 403 1124 486 προειπὼν

106 501 405 581 πολυπραγμονοῦντι
427 495 576 578 θάνατον,
604 497 817 580 συμπράττοντι
845 500 878 564 δέ
906 505 991 566 τοῦτο
1015 507 1123 580 πιστῶς

106 592 286 676 ἐλευθερίαν.
314 629 352 641 -
378 591 439 682 (5.)
468 591 620 660 Ἐνταῦθα
649 599 828 680 διατρίβοντι
859 603 899 686 τῷ
926 597 1055 687 Κράσσῳ
1087 599 1122 665 τά

105 689 256 774 ἐπιτήδεια
278 691 351 757 καθ’
371 691 484 777 ἡμέραν
511 696 615 775 ἐφοίτα
642 699 770 777 κομίζων
793 692 809 761 ὁ
833 694 1011 780 άνθρωπος,
1034 695 1124 775 αύτδς

105 787 160 871 μέν
187 787 242 874 οὐχ
275 787 354 874 δρῦν
386 793 518 868 ἐκείνους
550 789 621 857 οῦδέ
653 789 823 877 γινώσκων,
855 791 908 859 ὑπ’
938 796 1059 860 ἐκείνων
1091 795 1150 860 δέὅ

104 883 318 971 καθορώμενος
341 888 464 955 εἰδότων
486 890 536 954 καὶ
554 889 844 974 παραφυλαττόντων
866 889 918 958 τόν
941 891 1053 976 καιρόν.
1084 883 1122 976 ἦν

105 981 134 1050 δ’
161 985 287 1067 άφθονα
309 988 360 1052 καὶ
387 985 461 1071 πρὸς
488 983 620 1071 ἡδονὴν,
644 980 681 1054 ού
710 987 804 1072 μόνον
831 995 932 1074 χρείαν
958 988 1124 1072 ποιούμενα

104 1081 140 1147 τδι
162 1081 237 1168 πρὸς
259 1082 291 1150 τὸ
316 1089 448 1154 δεῖπνον.
494 1084 616 1172 ἐγνύκει
643 1084 700 1171 γάρ
723 1083 739 1152 ὅ
765 1085 890 1171 Οὐιβιος
917 1084 1019 1173 άπάση
1042 1095 1124 1169 φιλο-

105 1177 244 1267 φροσύνη
267 1183 447 1268 θεραπεύειν
468 1181 520 1250 τὸν
543 1182 700 1268 Κράσσον,
724 1176 748 1274 ᾧ
775 1209 808 1269 γε
834 1187 885 1250 καί
914 1183 1021 1267 τὸτῆς
1045 1183 1122 1267 ῦρας

104 1279 138 1343 ἐν
150 1286 199 1369 κρῖ
217 1286 319 1366 λαβεῖν
338 1285 479 1366 ἐπῆλθεν,
499 1280 538 1360 ῦς
556 1280 726 1347 παντάπασι
745 1285 864 1360 νεανίας
887 1286 933 1365 τίη
955 1287 1008 1348 καί
1027 1309 1054 1347 τι
1072 1284 1163 1347 καίεο

104 1385 166 1455 ταῖς
195 1378 267 1444 καθ’
297 1377 415 1464 ἡλικίαν
447 1378 572 1464 ἡδοναῖς
602 1378 695 1446 αῦτοῦ
725 1382 891 1466 χαριστέον,
920 1381 981 1446 ἐττεί
1009 1379 1064 1464 τήν
1090 1401 1123 1466 γε

103 1480 204 1559 χρείαν
226 1475 395 1564 τἰναγκυιίως
417 1475 570 1563 μᾶλλονῆ
598 1476 764 1562 προθύμως
787 1476 1010 1563 ὑπουργοῦντος
1038 1475 1122 1545 εἰναι.

104 1571 159 1640 δύο
184 1571 221 1658 δὴ
245 1581 463 1660 θεραπαινίδας
486 1575 641 1661 εὐπρεπεῖς
663 1573 824 1660 αἰνοιλαβόον
842 1573 978 1659 ἐβάδιζεν
995 1577 1044 1641 ἐπὶ
1065 1575 1121 1660 τὴν

102 1669 266 1738 θάλασσαν.
304 1671 345 1752 ῦς
368 1671 396 1739 δ’
421 1668 516 1759 ἦλθεν
539 1676 587 1739 ἐπὶ
613 1672 665 1740 τὸν
692 1673 784 1740 τόπον
807 1677 904 1752 δείξας
932 1673 987 1758 τὴν
1009 1674 1122 1741 άνοδον

103 1771 234 1836 ἐκέλευεν
266 1775 333 1836 εἴσω
365 1771 546 1857 πορεύεσθαι
577 1773 627 1836 καί
656 1781 789 1857 θαρρεῖν.
836 1778 868 1839 οῖ
903 1773 936 1838 δέ
972 1776 1038 1857 περὶ
1069 1770 1121 1839 τὸν
1135 1789 1161 1831 1⁵

102 1865 244 1949 Κράσσον
270 1866 384 1946 ἰδόντες
399 1869 627 1953 Ιπορερχομένας
655 1872 786 1951 ἔδεισαν,
814 1869 854 1952 μή
881 1871 1049 1953 καταφανές
1071 1872 1121 1934 καί

102 1960 254 2049 γνάριμον
277 1970 323 2049 είη
345 1965 377 2033 τό
396 1971 518 2051 χωρίον·
543 1965 700 2050 άνέκρινον
719 1959 775 2032 οὖν
793 1965 894 2047 αύτάς,
912 1971 942 2032 τί
961 1966 1121 2050 βούλονται

102 2064 153 2128 καί
174 2067 250 2140 τίνες
273 2068 358 2129 εἰσίν·
397 2061 437 2142 όις
460 2061 489 2128 δ’
515 2061 709 2146 ἀπεκρίναντο
738 2063 947 2148 δεδιδαγμέναι
975 2061 1122 2146 δεσπότην

102 2165 199 2243 ζητεῖν
217 2162 350 2227 ἐνταῦθα
368 2160 582 2245 κρυπτόμενον,
601 2158 710 2244 μαθιῦν
728 2157 744 2226 ὁ
763 2159 903 2244 Κράσσος
920 2169 973 2226 τοῦ
993 2159 1121 2244 Ούιβίου

101 2259 156 2342 τὴν
188 2259 263 2344 πρὸς
295 2257 387 2326 αύτδν
417 2258 542 2325 παιδιάν
574 2261 624 2324 καί
656 2258 886 2344 φιλοφροσύνην
913 2257 1037 2342 άνέλαβε
1069 2256 1121 2337 τάς
1135 2278 1162 2318 ιο

102 2362 272 2436 παιδίσκας·
296 2359 345 2423 καί
368 2365 503 2440 συνῆσαν
526 2351 608 2448 αύτῷ
631 2356 683 2424 τὸν
706 2355 812 2424 λοιπὸν
834 2357 943 2442 χρόνον
967 2351 1010 2423 ὧν
1029 2360 1120 2425 ἐδεῖτο

102 2456 268 2538 φράζουσαι
297 2457 347 2521 καί
379 2458 603 2541 διαγγέλλουσαι
634 2454 709 2542 πρὸς
740 2454 792 2522 τὸν
822 2454 958 2540 Ούιβιον.
997 2455 1120 2522 Τούτων

102 2555 177 2635 φησί
199 2551 253 2636 τὴν
277 2555 377 2637 ἑτέραν
399 2553 460 2638 ἤδη
483 2557 642 2638 πρεσβῦτιν
665 2547 759 2620 οὖσαν
778 2551 794 2620 δ
815 2555 1026 2631 Φαινεστέλλας
1044 2557 1121 2620 ἰδεῖν

102 2649 192 2728 αύτὸς
205 2653 253 2715 καί
268 2650 407 2746 πολλάκις
426 2647 552 2716 άκοῦσαι
571 2653 757 2735 μεμνημένης
775 2659 866 2719 ταῦτα
885 2654 935 2716 καὶ
954 2651 1120 2734 διεξιούσης

101 2744 276 2833 προθύμως,
1132 2765 1159 2806 25
1254 2745 1256 2749 v

194 2843 277 2912 16*.
302 2851 380 2911 le.
405 2851 478 2911 δολί.
497 2849 540 2910 28
569 2842 693 2929 Μάριος
716 2847 748 2912 δὲ
773 2848 871 2928 [filius
894 2854 1025 2928 septiens
1048 2848 1183 2926 con-{2-

101 2951 176 3010 sulis
186 2955 256 3025 post
270 2965 407 3025 μκγκυικ
426 2951 469 3010 ad
482 2949 697 3026 Sacriportum
716 2945 918 3026 commissam]
937 2942 1060 3030 φεύγων
1078 2939 1181 3023 εἰς672

102 3040 286 3124 Πραινεστὸν
308 3041 369 3125 ἤδη
392 3041 444 3120 τάς
466 3042 561 3120 πύλας
585 3036 651 3126 εὗρε
674 3046 872 3126 κεκλειμένας·
909 3046 1059 3109 καλωδίου
1088 3043 1120 3107 δὲ

101 3138 223 3205 άνωθεν
237 3138 403 3222 άφεθέντος
422 3136 550 3218 ἐνζῦσας
569 3139 676 3207 ἑαυτὸν
695 3139 854 3224 ἀνελήφθη
873 3139 949 3224 πρὸς
967 3139 1000 3208 τὸ
1018 3150 1119 3225 τεῖχος.

91 3236 192 3302 Ἔνιοι
215 3238 248 3302 δέ
271 3257 379 3319 φασιν,
399 3229 442 3302 ὧν
459 3238 509 3302 καί
529 3240 740 3315 Φαινεστέλλας
758 3241 847 3322 ἐστίν,
867 3236 938 3304 οῦδὲ
957 3239 1119 3302 αἰσθέσθαι
1132 3263 1158 3304 ιο

100 3340 152 3416 τῆς
175 3333 270 3417 μάχης
292 3333 344 3400 τὸν
367 3333 493 3419 Μάριον
516 3333 579 3401 ἀλλ’
605 3339 635 3413 ἐξ
663 3333 837 3421 άγρυιτνιῦν
859 3338 910 3400 καί
932 3333 1036 3401 κόπων
1058 3331 1117 3400 ὑπὸ

12 3394 20 3482 ί
101 3437 169 3520 σκιᾷ
192 3457 249 3495 τινι
271 3433 362 3515 χαμαί
383 3433 591 3498 κατακλινέντα
614 3441 666 3499 τοῦ
689 3431 881 3516 συνθήματος
905 3435 1047 3510 δοθέντος
1069 3435 1084 3496 ἐ
1104 3473 1117 3482 -

101 3531 208 3594 δοῦναι
230 3525 305 3611 πρὸς
327 3527 435 3611 ῦπνον,
454 3528 514 3596 είτα
533 3529 616 3613 μόλις
634 3533 831 3616 ἐξεγείρεσθαι
848 3538 900 3613 τῆς
919 3537 1019 3616 φυγῆς
1037 3556 1118 3616 γενο-

101 3627 199 3710 μένης.
224 3622 279 3713 (cs.
302 3631 404 3692 Αατεί.
427 3632 499 3692 Vict.
520 3634 558 3693 de
576 3636 634 3693 m'r.
655 3636 695 3694 ill.
716 3627 782 3715 68.)

903 3732 956 3786 18*
