2646 4056
348 289 580 349 TESTIMONIA,
617 289 752 349 FRAGM.
774 299 851 349 1—8.
1063 293 1106 358 69

88 441 226 521 plurimis
254 459 416 521 occupasse
449 434 613 522 magnaque
646 442 777 504 hostium
807 446 914 518 oratic
943 445 1108 505 obtinuisse

88 530 221 594 obeundi
235 539 420 611 potestatem.
435 528 535 611 itaque
550 535 763 593 concessumst
775 533 859 608 quod
870 529 961 592 uellet
975 531 1107 614 auferre3

88 639 218 701 cumque
227 623 307 682 circa
318 637 430 682 curum
440 637 571 700 opesque
587 619 659 681 alias
673 623 766 681 ceteri
780 629 978 702 morarentur,
988 621 1107 682 Aenean

85 719 204 789 patrem
223 727 311 770 suum
330 708 405 770 collo
425 713 528 772 tulisse
545 711 788 789 mirantibusque
806 709 927 772 Achiuis
950 709 1026 770 hanc
1045 711 1107 790 pie·

85 806 179 860 tatem
197 799 343 859 redeundi
358 797 444 860 llium
464 800 580 879 copiam
597 797 705 879 daem,
724 799 844 860 acdcos
859 806 982 878 penates
1000 798 1134 878 ligneiso

86 887 193 969 sigillis
207 887 257 950 uel
271 887 396 966 lapideis
410 890 540 949 terrenis
553 903 673 967 quoque
686 887 806 950 Aenean
822 893 935 950 umeris
954 892 1106 950 extulisse.

85 995 177 1057 quam
199 995 265 1038 rem
283 976 413 1038 Graecos
430 982 588 1056 stupentes
609 978 709 1038 omnia
731 994 787 1037 sus
804 977 958 1038 auferendi
979 984 1128 1056 potestas

84 1075 146 1128 tem
162 1065 281 1128 dedisse
301 1083 334 1126 ea
345 1083 403 1145 que
419 1069 541 1128 ratione
553 1069 675 1143 saepius
682 1067 861 1128 ,redeuntem
870 1068 998 1127 omnine
1015 1066 1107 1129 Troia

85 1157 250 1221 abstulisse
273 1161 304 1218 et
325 1158 357 1216 in
380 1157 513 1220 nauibus
533 1158 679 1231 posuisse.
713 1155 831 1218 Atticus
849 1152 943 1232 [ful]
965 1154 1002 1214 de
1020 1163 1105 1235 patre

85 1246 250 1325 consentit,
274 1244 310 1304 de
334 1244 380 1304 dis
403 1243 562 1323 penatibus
586 1251 687 1324 negat,
711 1244 763 1306 sed
788 1262 824 1304 ex
848 1243 1052 1306 Samothracia
1074 1245 1106 1305 in
1119 1267 1161 1310 ιι

82 1333 200 1395 ltaliam
225 1333 380 1414 deuectos,
408 1342 511 1394 contra
540 1350 628 1414 quam
656 1334 825 1412 opinionem
853 1333 984 1393 refertur
1009 1331 1106 1409 fuisse

82 1426 252 1485 simulacra
269 1420 375 1482 Vestae
399 1423 530 1482 incensis
553 1413 625 1482 deae
644 1423 708 1482 eius
732 1424 792 1482 aris
815 1441 851 1482 ex
875 1423 970 1482 ruinis
989 1421 1106 1483 Troicis

83 1511 219 1574 liberata.
238 1511 365 1576 Additur
380 1513 468 1573 etiam
483 1529 499 1572 a
514 1509 545 1572 L.
557 1509 658 1572 Cassio
667 1519 704 1574 'et
715 1512 826 1574 Pisone
840 1510 982 1572 Censorio
993 1509 1106 1591 [sr.2],

83 1598 231 1664 miraculo
253 1602 350 1679 magis
367 1599 486 1670 Aenean
509 1601 605 1678 patris
627 1595 789 1675 ‘diquttotc
811 1595 1006 1666 sanctiorem'
1027 1601 1106 1660 inter

82 1690 189 1752 hostes
212 1690 358 1758 intactum
380 1689 589 1768 properauisse
619 1691 830 1768 concessisque
861 1691 890 1750 ei
920 1688 1048 1750 nauibus
1075 1691 1107 1750 iu
1122 1713 1147 1755 ιε

83 1779 200 1841 ltaliam
223 1779 389 1857 nauigasso.
403 1811 405 1821 ‚
421 1777 496 1841 ltem
516 1825 522 1838 .
542 1823 549 1840 .
569 1825 575 1838 .
596 1824 604 1839 .
625 1776 818 1846 historiarum
841 1777 917 1840 libro
941 1777 953 1840 l
977 1780 1031 1858 ait,
1054 1776 1107 1838 llio

83 1875 174 1948 capto
191 1869 407 1935 Aeneun'cum
430 1870 477 1934 dis
496 1865 662 1944 psentibus
681 1869 794 1929 umeris
812 1869 952 1946 inpositis
971 1869 1107 1945 erupisse

83 1957 222 2036 duosque
241 1955 318 2016 filios
333 1955 492 2017 Ascanium
511 1963 542 2016 et
556 1952 727 2034 Eurybates
744 1955 886 2026 bracchio
906 1958 970 2036 eius
990 1957 1107 2016 innixos

82 2054 156 2108 ante
174 2063 225 2105 ora
242 2044 376 2108 hostium
393 2051 642 2124 praeterpressos.
667 2046 753 2118 datas
772 2047 861 2124 etiam
881 2047 909 2106 ei
926 2062 1019 2105 naues
1038 2060 1107 2105 con-

83 2152 276 2214 cessumque,
298 2140 333 2195 ut
356 2152 430 2213 quas
454 2132 547 2198 uellet
568 2133 606 2194 de
629 2132 758 2210 nauibus
781 2151 907 2197 securus
930 2133 1064 2196 ueheret.
1121 2159 1148 2200 so

177 2217 236 2283 6*.
260 2223 347 2290 Seu.
372 2224 501 2302 addes.
517 2222 620 2298 1378
646 2221 705 2282 Alii
727 2229 836 2304 autem,
859 2229 893 2300 ut
913 2220 1032 2284 Cassius
1050 2221 1107 2282 lle·

82 2316 179 2394 mina,
202 2312 308 2376 dicunt
331 2312 404 2376 deos
425 2320 550 2391 penates
569 2330 606 2372 ex
625 2309 815 2382 Samothraca
835 2309 997 2394 appellatos
1015 2305 1108 2386 θεοὺς

82 2405 247 2493 μεγάλους,
270 2404 362 2482 θεοὺς
385 2405 546 2486 δυνατοὺς,
569 2405 662 2483 θεοὺς
683 2404 835 2490 χρηστούς.
859 2436 901 2461 ==
925 2409 1026 2474 Matr.
1049 2415 1107 2472 sai.
1146 2467 1150 2474 .

83 2508 199 2582 1114,
224 2505 245 2566 9
281 2505 402 2569 usuum
429 2524 503 2576 nero
530 2505 655 2568 Hemina
683 2507 768 2584 dicit,
798 2505 1005 2578 Samothracas
1032 2507 1106 2568 deos

82 2596 268 2674 eosdemque
292 2595 494 2659 Romanorum
516 2603 640 2674 penates
663 2598 785 2674 proprie
814 2596 873 2658 dici
900 2591 993 2670 aeota
1021 2590 1105 2676 μεγᾶ-
1120 2621 1147 2663 ss

81 2699 167 2772 tous,
189 2687 282 2774 dende
300 2686 454 2772 χρηστοὺς,
471 2687 565 2766 dende
588 2687 743 2766 δυνατούς.
872 2731 875 2736 ,
933 2735 936 2744 .

177 2785 235 2850 qe,
259 2790 352 2850 Solio.
372 2789 458 2865 2,14
478 2789 717 2867 patinuos
738 2792 883 2852 omissum
909 2793 961 2872 sit,
985 2792 1107 2852 Aenean

80 2884 196 2941 aestate
215 2877 251 2938 ab
271 2877 324 2952 llio
343 2885 429 2957 capto
449 2879 580 2940 secunda
598 2877 707 2940 Italicis
731 2878 869 2941 litoribus
888 2879 1054 2960 adpulsum,
1073 2886 1107 2940 ut

80 2968 211 3030 Hemina
229 2966 330 3048 tradit,
344 2969 434 3028 sociis
447 2985 508 3028 non
522 2967 649 3046 amphus
664 2969 813 3029 sexcentis
830 2970 863 3028 in
878 2986 949 3046 agro
963 2968 1107 3030 Laurenti

80 3059 221 3138 posuisse
236 3062 341 3118 castra.
361 3055 414 3117 uhi
432 3057 504 3118 dum
519 3056 719 3137 simulacrum,
738 3057 818 3135 quod
834 3075 935 3118 secum
952 3075 988 3118 ex
1004 3057 1105 3119 Sicilia
1119 3081 1146 3122 so

82 3145 254 3228 aduexerat,
273 3143 391 3205 dedicat
409 3143 517 3207 Veneri
535 3147 631 3226 matri,
651 3163 726 3225 quae
746 3145 847 3207 Frutis
867 3145 985 3227 dicitur,
1005 3166 1020 3206 a
1038 3145 1105 3208 Dio·

80 3235 170 3297 mede
194 3233 512 3315 Palladiumsusoepit
534 3234 692 3314 tribusque
715 3253 784 3295 mor
807 3237 893 3296 annis
912 3254 981 3296 cum
999 3236 1104 3298 Latino

81 3332 189 3403 regnat
212 3325 292 3385 socia
315 3330 462 3402 potestate
482 3325 653 3404 quingentis
672 3323 827 3403 iugeribus
851 3323 887 3384 ab
907 3343 942 3385 eo
964 3326 1105 3406 acceptis,

82 3431 145 3493 quo
175 3413 316 3475 defuneto
345 3430 492 3474 summam
519 3413 639 3474 hiennio
671 3413 796 3492 adeptus
827 3413 904 3494 apud
932 3413 1104 3476 Numicium

80 3521 189 3591 parere
204 3503 293 3564 desiit
308 3520 385 3562 anno
400 3503 534 3581 septimo.
562 3503 656 3581 patris
670 3501 813 3582 Indigetis
828 3505 855 3564 ci
869 3522 977 3564 nomen
993 3503 1101 3564 datum.
1117 3525 1143 3566 ss

174 3586 207 3654 8.
234 3593 307 3653 Geli.
331 3591 433 3650 XVII
447 3591 534 3670 21,3
562 3590 725 3670 Vtrumque
750 3599 848 3654 tamen
873 3591 1050 3669 [Homerum
1074 3601 1103 3653 et

79 3679 260 3758 Hesiodum]
294 3687 362 3739 aute
390 3679 512 3740 Romam
545 3681 692 3740 conditam
726 3683 852 3762 uixisse,
882 3679 983 3741 Siluiis
1011 3679 1101 3739 Alhae
