2638 4056
281 215 330 272 DE
350 215 475 274 GENTE
493 218 524 272 Ρ.
538 218 571 276 R.
590 217 817 274 FRAGMENTA
837 225 950 276 12—1'1.
1063 219 1128 286 233

111 365 202 428 lentia
226 373 357 428 certasse
380 375 541 429 narrantur
563 375 594 428 et
617 368 652 429 ad
675 367 834 447 placandos
862 366 940 430 ludis
969 367 1053 452 deos,
1078 371 1130 450 qui

112 454 299 518 delectantur
323 475 377 518 scu
399 458 482 517 neris
506 474 559 518 seu
578 456 659 518 salsis
678 459 745 518 istis
764 457 940 519 criminibus
960 460 1032 541 suis,
1050 461 1129 522 inter

111 545 274 607 theatricos
296 545 419 624 plausus
448 553 604 607 cantantur
632 554 721 626 atquc
750 546 902 608 saltantur.
939 547 1013 609 haec
1036 547 1129 610 Varro

111 651 171 696 non
200 632 310 716 credit,
337 652 375 695 nc
404 633 528 695 deorum
560 642 683 696 naturae
706 653 765 703 vseu
793 635 928 697 moribus
956 635 1059 699 credat
1085 639 1129 698 in-

112 741 253 803 congrua.
1142 738 1156 781 c

204 807 287 874 13²⁸.
311 813 389 889 Aup.
409 814 448 874 de
465 815 525 874 ctu.
545 815 573 874 ct.
588 813 710 874 XVIII
723 814 769 874 10
795 812 850 874 His
873 812 1072 896 temporibus,
1095 824 1130 878 ut

111 899 204 962 Varro
234 900 352 982 scribit,
382 909 525 981 regnante
548 901 781 964 Atheniensibus
805 902 931 985 Cranen,
954 919 1130 966 successore

112 989 254 1071 Cecropis
267 1024 312 1034 -
327 989 474 1052 diluuium
494 990 559 1070 luit,
573 990 653 1070 quod
673 991 852 1070 appellatum
871 999 917 1052 cst
933 991 1130 1075 Deucalionis,

112 1095 148 1140 eo
172 1080 252 1159 quod
280 1082 345 1159 ipse
372 1078 516 1159 regnabat
543 1081 573 1142 in
602 1097 705 1142 earum
732 1089 882 1142 terrarum
905 1079 1055 1162 partibus,
1078 1080 1130 1143 uhi

112 1170 239 1230 maxime
263 1169 374 1231 tactum
398 1176 452 1231 est.
489 1167 553 1230 lloc
576 1176 675 1230 autem
703 1168 850 1230 diluuium
879 1186 1066 1249 nequaquam
1094 1169 1171 1230 ad10

113 1256 280 1338 Aegyptum
305 1265 393 1338 atque
417 1258 453 1318 ad
477 1259 543 1318 eius
567 1259 665 1320 uicina
688 1259 836 1336 peruenit.

204 1349 262 1418 14.
281 1355 407 1432 August.
427 1359 465 1418 de
483 1357 567 1418 ciutt.
583 1358 610 1417 d.
626 1357 663 1417 X
666 1357 748 1417 VIII
761 1357 803 1417 13
830 1355 892 1417 Hae
911 1355 1026 1418 tabulae
1046 1353 1130 1435 [Tri-

108 1447 246 1521 ptolemt,
266 1444 449 1520 Minotauri,
473 1446 696 1506 Centaurorum
715 1453 745 1506 et
763 1443 834 1522 cet]
853 1443 963 1507 bellum
983 1445 1130 1526 adusque

112 1531 288 1614 Troianum,
311 1532 365 1595 ubi
388 1534 553 1595 secundum
576 1533 687 1595 librum
709 1533 828 1596 Marcus
851 1532 943 1595 Varro
968 1535 1004 1596 de
1026 1534 1131 1615 populi

111 1620 238 1682 Romani
261 1629 349 1702 gente
377 1624 489 1704 finiuit,
512 1641 548 1682 ex
572 1626 728 1685 occasione
751 1622 957 1705 historiarum,
981 1641 1056 1704 quae
1080 1641 1129 1686 res
1144 1635 1170 1677 1⁶

112 1713 262 1772 ueraciter
281 1719 379 1790 gestas
398 1713 561 1793 continent,
575 1712 616 1773 ita
631 1720 702 1774 sunt
720 1714 848 1792 ingeniis
866 1712 1021 1774 hominum
1035 1714 1130 1796 fictae,

113 1807 231 1860 utnon
256 1801 316 1860 sint
340 1799 511 1879 opprobriis
535 1803 691 1862 numinum
715 1802 836 1862 adfixae.

204 1891 262 1958 15.
285 1898 403 1958 Oborts.
419 1899 439 1958 I
451 1916 481 1974 p.
497 1897 540 1957 99
554 1899 592 1958 K.
614 1897 748 1978 Olympia
767 1898 908 1959 feminino
922 1916 1031 1978 genere
1046 1899 1130 1961 locus

112 1986 178 2064 ipse
203 1985 322 2067 dicitnr,
346 1988 508 2047 certamina
531 2003 605 2047 uero
628 1985 812 2047 neutraliter.
837 2003 905 2047 nam
924 1986 1016 2048 Varro
1036 1990 1130 2050 ait...

113 2074 280 2224 ppperptlem
312 2073 349 2135 de
381 2082 479 2154 gente·
502 2074 604 2154 populi
631 2074 756 2136 Romani
783 2073 837 2136 111:
869 2074 969 2135 Ludos
997 2075 1131 2156 Olympia
1145 2089 1171 2130 to

205 2255 262 2323 16.
282 2261 399 2322 Charis.
410 2260 431 2321 I
436 2279 467 2338 p.
481 2260 521 2321 61
531 2255 671 2344 (=137)
685 2262 723 2321 K.
734 2259 823 2322 Mare.
840 2292 878 2303 —
888 2258 981 2321 Varro
992 2261 1028 2322 de
1043 2269 1130 2341 gente

114 2349 217 2430 populi
234 2349 361 2411 Romani
379 2349 432 2412 lll:
456 2350 580 2411 Amare
603 2356 706 2430 operta
730 2349 845 2430 oppida,
868 2367 923 2428 pro
947 2368 963 2410 a
986 2352 1074 2432 mari,
1097 2358 1132 2412 ut

114 2439 207 2501 refert
229 2438 351 2501 Plinius.

206 2530 290 2598 17³³.
313 2536 440 2612 August.
461 2538 499 2597 de
517 2538 576 2597 ctu.
597 2538 624 2597 d.
640 2536 761 2596 XVIII
774 2535 818 2596 16
854 2535 943 2597 Troia
965 2569 1004 2579 -
1026 2555 1131 2598 euersa
1144 2547 1171 2590 ²⁶

116 2624 232 2688 excidio
245 2622 296 2685 illc
310 2658 347 2668 -
361 2623 439 2704 quod
451 2625 663 2704 -insigniter
677 2624 857 2685 diffamatum
873 2632 961 2702 atque
976 2624 1131 2704 uulgatum

116 2723 162 2776 est
190 2721 367 2793 gestumque
395 2720 539 2793 regnante
566 2715 625 2774 iam
653 2712 757 2774 Latino
781 2711 875 2774 Fauni
905 2711 979 2793 filio,
1007 2731 1043 2774 ex
1072 2732 1130 2793 quc

115 2803 288 2865 Latinorum
324 2820 450 2882 regnum
488 2801 548 2863 dici
584 2803 683 2881 coepit
714 2800 956 2881 Laurentumque
993 2804 1131 2884 cessauit,

116 2892 222 2954 Graeci
248 2893 380 2952 uictores
404 2890 531 2952 deletam
557 2889 677 2952 Troiam
705 2890 909 2969 relinquentes
937 2897 967 2951 et
999 2889 1035 2952 ad
1063 2909 1131 2970 pro·

116 2983 181 3061 pria
212 2987 380 3042 remeantes
412 2979 541 3041 diuersis
569 2986 599 3041 et
625 2978 784 3041 horrendis
813 2977 947 3040 cladibus
980 2978 1173 3040 dilaceratio

116 3078 205 3149 atque
224 3071 347 3130 contriti
366 3077 449 3150 sunt3
473 3076 503 3130 et
522 3076 620 3129 tamen
639 3070 729 3130 etiam
748 3085 784 3129 ex
803 3069 846 3128 cis
866 3067 990 3129 deorum
1009 3085 1132 3130 suorum

117 3176 273 3220 numerum
287 3166 444 3219 auxerunt.
467 3155 541 3218 Nam
555 3165 586 3218 et
599 3156 761 3218 Diomeden
776 3155 913 3218 lecerunt
931 3155 1029 3237 deum,
1043 3174 1133 3236 quem

116 3265 211 3327 poena
234 3246 379 3309 diuinitus
401 3248 536 3326 inrogata
558 3245 718 3325 perhibent
736 3245 772 3306 ad
792 3263 863 3307 suos
881 3263 941 3306 non
960 3246 1132 3327 reuertisse,

118 3338 242 3415 eiusque
266 3337 363 3397 socios
390 3337 422 3396 in
445 3333 586 3396 uolucres
609 3335 702 3395 luisse
726 3351 889 3397 conuersos
913 3352 973 3395 non
997 3333 1131 3396 fabuloso
1208 3351 1215 3360 ·

117 3427 294 3505 poeticoque
313 3423 477 3506 mendacio,
501 3423 553 3484 sed
571 3423 714 3486 historica
733 3423 929 3485 adtestatione
948 3422 1132 3505 confirmant,
1146 3434 1172 3476 ³⁵

117 3513 227 3594 quibus
249 3531 305 3574 nec
328 3513 411 3594 deus,
434 3521 469 3574 ut
491 3519 606 3594 putant,
625 3512 721 3574 factus
739 3510 897 3575 humanam
915 3529 1058 3574 reuocare
1082 3530 1132 3573 na·

117 3611 215 3666 turam
238 3601 289 3664 uel
311 3603 376 3680 ipse
399 3603 497 3682 potuit
520 3600 569 3664 uel
592 3609 674 3664 certe
693 3619 709 3662 a
728 3601 799 3664 lone
819 3620 873 3663 sno
892 3619 965 3682 rege
981 3611 1130 3682 tamquam
