2638 4056
191 216 257 282 238
276 215 305 274 G.
325 215 482 273 sturton
498 215 647 272 GALBAE
665 215 803 272 inauli.
815 222 894 274 1-2.
929 216 961 274 L.
976 215 1156 276 mittun

583 410 814 466 FRAGMENTA

281 520 581 588 l.1>1ut.n0m.17
612 519 1033 603 ‘Eitniiualstumttliu
1059 525 1205 604 Tarpeia]

192 618 343 702 Ταρπήιος
364 618 559 704 προδοσίας
543 618 603 686 vni
616 618 768 703 ‘Pupuiuu
791 616 980 703 διωχθείς,
959 647 1000 702 cut,-
1014 617 1113 702 Ἰόβας
1130 623 1207 703 φησι

188 714 311 800 Γάλβαν
332 721 516 783 Σουλπίκιον
537 721 670 802 ἱστορεῖν.

139 811 173 860 76
281 815 319 882 2.
342 820 426 882 Orus.
448 819 536 897 1123,
551 821 574 880 6
595 820 756 899 Pompeius
775 827 929 882 contractu
946 819 1026 899 apud
1043 818 1205 880 Palantiam

129 898 180 949 ⁶⁷⁸
190 909 326 970 exercitu
351 907 521 970 Lauronem
550 911 716 989 ciuitatem,
749 927 837 989 quam
869 916 941 971 tunc
971 908 1123 970 Sertorius
1155 926 1206 987 up·
1220 921 1235 960 5

188 995 353 1078 pugnabat,
385 998 497 1059 trustra
529 1006 654 1060 conatus
684 998 846 1060 Menalcan
878 999 979 1060 uictus
1011 995 1207 1077 aufugit.—

189 1085 282 1146 iuisse
305 1094 378 1147 tunc
400 1085 543 1166 Pompeio
566 1089 688 1167 triginta
711 1086 802 1148 millia
825 1087 972 1167 peditum,
991 1085 1070 1148 mille
1088 1088 1206 1166 equites
1303 1083 1304 1106 ¹

190 1173 280 1236 Galba
309 1173 427 1256 scribit,
451 1175 618 1237 Sertorium
646 1184 746 1238 autent
773 1177 926 1255 sexaginta
953 1175 1044 1237 millia
1070 1178 1204 1254 peditum

192 1271 259 1325 οιιο
282 1263 373 1326 millia
395 1266 531 1344 equitum
554 1264 693 1327 habuisse
717 1273 937 1327 commemorat.

486 1546 531 1628 L.
564 1542 896 1631 ARRVNTIVS

584 1691 810 1749 TESTIMONIA

155 1800 187 1868 l.
218 1807 254 1867 Vt
281 1809 417 1882 uidetur,
441 1807 474 1867 L.
500 1805 524 1882 f.
548 1806 583 1867 L.
611 1825 640 1868 ιι.
664 1825 724 1868 cos.
744 1826 772 1868 ο.
790 1807 841 1868 22.
863 1807 940 1882 732,
968 1809 1022 1883 qui
1044 1813 1114 1884 post
1139 1809 1203 1870 ulia
1219 1821 1248 1860 10

189 1897 370 1957 discrimina
383 1897 587 1958 Octauianum
600 1904 722 1957 secutus
732 1915 858 1974 ριιριιοι
867 1898 1015 1959 Actiacae
1029 1913 1098 1958 cum
1112 1898 1204 1958 laude

189 1983 337 2060 interfuit
356 1987 420 2046 uid.
441 1986 511 2046 Veii
527 1985 566 2045 11
579 1984 633 2059 86,
646 1984 669 2045 2
691 1983 811 2047 Sosium
826 1985 858 2046 1.
872 1985 1009 2048 Arruntii
1021 1987 1120 2064 prisca
1137 2003 1203 2064 gra-

187 2075 280 2134 uitate
299 2071 486 2135 celeberrimi
504 2073 587 2154 fides,
601 2091 670 2134 mor
684 2074 786 2136 odium
804 2073 961 2136 clementia
973 2073 1122 2136 eluctatus
1141 2089 1203 2155 sua,

188 2160 296 2224 Caesar
319 2164 453 2223 seruauit
474 2162 700 2241 incolumem[
687 2162 729 2241 [a
749 2165 798 2224 31.
820 2162 908 2241 723]
931 2166 993 2226 uid.
1010 2163 1052 2240 fr.

153 2243 380 2400 Άὴιιιιιιιιιιῖιιιι
401 2253 538 2312 Plinio
525 2270 611 2312 ιιιιι.
634 2255 663 2314 it.
687 2261 798 2316 auctor
817 2251 881 2330 suit
901 2271 963 2316 sec.
987 2243 1049 2314 inti.
1073 2255 1105 2312 in
1132 2253 1201 2313 libr.
1217 2267 1246 2308 15

257 2507 512 2567 HISTORJARVM
533 2510 642 2567 BELLI
660 2511 787 2568 PVNlOI
809 2507 1065 2567 TESTIMONIVM
1083 2507 1129 2564 ET

576 2599 808 2656 FRAGMENTA
1303 2611 1304 2698 ι

276 2705 341 2771 l-
346 2706 378 2773 2.
402 2712 507 2774 Senec.
527 2717 610 2792 epist.
626 2714 747 2774 XIX5
766 2707 854 2793 (114)
868 2712 914 2771 17
936 2711 1015 2794 llaec
1029 2713 1103 2771 uitia
1120 2727 1200 2771 unus

186 2798 292 2879 aliquis
307 2799 432 2880 inducit,
446 2802 502 2862 sub
517 2821 576 2882 quo
591 2811 663 2866 tunc
678 2801 847 2880 eloquentia
861 2808 919 2861 est:
938 2802 1032 2860 ceteri
1045 2801 1200 2860 imitantur

185 2897 216 2949 ct
238 2888 314 2950 alter
332 2888 418 2950 alteri
436 2891 571 2952 tradunt.
595 2893 638 2951 sic
658 2889 797 2950 Sallustio
815 2890 937 2967 uigente
955 2896 1114 2968 anputatae
1133 2907 1200 2949 sen-

185 2979 295 3070 tentiae
310 2986 340 3039 et
353 2977 447 3040 uerba
465 2987 534 3042 ante
553 2985 756 3059 exspectatum
775 2977 910 3039 cadentia
933 2985 964 3039 ct
982 2977 1110 3039 obscura
1131 2977 1199 3039 bre·
1214 2992 1245 3034 ιο

185 3053 262 3128 uitas
286 3067 370 3128 fuere
392 3085 449 3147 pru
468 3068 558 3129 cultu.
586 3067 619 3127 L.
634 3067 809 3149 Arruntius,
832 3067 881 3128 uir
903 3085 988 3128 rarae
1012 3066 1200 3149 frugalitatis,

185 3157 236 3233 qui
258 3154 398 3218 historias
421 3155 493 3219 belli
514 3155 620 3216 Punici
648 3157 782 3237 scripsit,
806 3155 863 3217 luit
886 3155 1083 3219 Sallustianus
1108 3163 1141 3217 et
1169 3157 1200 3217 in

183 3243 257 3306 illud
271 3262 366 3324 genus
380 3248 487 3306 niens.
511 3243 566 3305 list
581 3245 660 3324 apud
675 3240 890 3308 Sallustium.
892 3247 1058 3308 exercitum
1077 3252 1199 3324 argento

183 3328 275 3414 iecit',
298 3335 328 3396 id
352 3342 399 3397 est
417 3335 543 3413 pecunia
561 3335 692 3413 parauit:
715 3334 772 3396 hoc
790 3335 953 3397 Arruntius
972 3351 1071 3396 amare
1090 3336 1199 3415 coepit,

182 3425 283 3502 posuit
296 3423 369 3485 illud
387 3422 527 3484 'omnihus
546 3425 670 3503 paginis.
697 3422 812 3486 1.·tlicit
831 3423 958 3504 quodam
976 3423 1056 3485 luco:
1070 3417 1199 3502 ‘Fugam
1214 3435 1243 3477 25

181 3513 294 3574 nostris
317 3506 441 3573 iecere'.
479 3509 508 3573 2.
532 3511 588 3574 alio
612 3513 690 3574 loco:
714 3509 834 3593 ‘lliero,
857 3530 911 3573 rer
935 3511 1199 3592 Syracusanorum,

181 3598 293 3662 bellum
320 3594 417 3662 lecit’.
455 3597 484 3660 3.
509 3609 539 3661 et
566 3600 622 3661 alio
651 3602 729 3664 locu:
761 3597 860 3672 ‘Quae
893 3600 993 3662 audita
1024 3601 1197 3664 Panhormi-

1300 3837 1304 4030 l
