2620 4054
427 227 655 286 FRAGMENTA
675 235 788 285 10-1'1.
1050 227 1116 294 283

99 380 370 442 machinamentum
389 377 528 441 bellicum
547 379 613 458 ruit,
632 379 711 457 quod
731 396 827 459 equus
846 377 1020 458 appellatur,
1039 379 1117 439 sicut
1227 451 1229 456 Ι

100 473 187 550 aries,
210 471 289 530 sicut
312 469 444 550 testudo,
473 467 582 547 quibus
605 470 684 530 muri
707 467 757 528 uel
790 468 900 530 discuti
933 465 982 528 uel
1010 466 1116 528 subrui

100 559 204 621 solent.
723 577 726 580 ·

192 640 249 710 16.
273 648 360 708 Paul.
384 647 455 707 adu.
476 662 549 724 pay.
563 646 624 706 131
648 639 695 726 (p.
711 646 772 707 128
796 638 892 729 Oedi.)
912 645 971 708 Ista
994 647 1115 726 quidem
1198 635 1201 640 ’

101 736 208 801 mulier
231 734 368 815 [Vesto],
392 737 470 798 sicut
493 734 681 799 commendat
703 732 847 816 Hyginus,
870 737 997 796 stamine
1019 737 1142 815 primas
1221 789 1227 802 ,

100 844 179 891 nouo
208 833 323 887 uestem
351 827 503 887 contexuit
533 824 616 906 olim,
644 825 764 886 nomine
792 823 829 884 de
852 827 973 904 proprio
997 824 1116 905 dictam,

60 980 62 984 ,
101 934 189 995 quam
225 913 348 977 tradidit
384 916 449 993 ipsa
480 913 624 994 Vulcano,
662 915 714 994 qui
750 921 822 974 tunc
858 912 903 974 illi
936 921 1116 976 monstrarat

100 1011 220 1085 opertos
239 1002 390 1065 custodire
409 1002 505 1085 iocos3
528 1003 577 1064 hic
601 1021 723 1065 rursum
741 1020 866 1065 munere
888 1002 984 1064 laetus
1008 1002 1116 1066 obtulit

99 1094 177 1162 hanc
206 1091 281 1174 Soli,
311 1110 366 1171 per
394 1110 482 1172 qoem
511 1092 748 1172 deprehenderat
775 1098 843 1154 ante
871 1090 973 1152 Martis
1004 1091 1115 1154 adulte·

101 1185 192 1244 rium:
224 1199 304 1243 nunc
337 1183 433 1248 omnis
465 1181 586 1252 credula
618 1180 707 1243 turba
743 1180 931 1260 suspendunt
964 1179 1025 1242 Soli
1061 1199 1116 1260 per
1130 1198 1156 1238 ιο

99 1270 269 1335 Vulcanalia
296 1277 411 1350 uestes,
439 1279 531 1350 utque
563 1278 668 1334 notent
695 1269 853 1350 Venerem,
885 1277 958 1332 tunc
990 1278 1020 1331 et
1046 1288 1114 1350 por·

100 1368 182 1421 tatur
199 1359 320 1440 AdoniS,
343 1365 475 1421 stercore
497 1369 569 1423 tunc
592 1362 723 1440 mittunt,
747 1362 846 1438 ipsum
869 1357 957 1438 proh!
982 1367 1115 1422 stercore

100 1452 220 1510 iactant.
555 1493 558 1502 .

192 1532 249 1600 17.
273 1538 348 1600 Non.
366 1557 390 1600 s.
409 1557 438 1600 o.
458 1543 620 1616 picumnos
640 1558 671 1616 p.
686 1538 748 1600 518
780 1537 927 1618 Hyginus:
951 1536 1004 1598 Est
1027 1555 1116 1617 parra

100 1626 215 1708 Vestae,
238 1627 324 1707 picus
347 1627 459 1690 Martis.
887 1707 894 1712 “
1130 1643 1156 1683 1⁵
