2638 4056
322 197 370 252 on
390 197 515 254 ennon
534 197 564 254 r.
580 199 612 253 n.
632 197 861 258 mauranus
879 206 975 257 c-n.
1090 201 1154 275 231

137 355 241 427 postea
264 345 319 414 lsas
343 346 504 428 appellata,
524 354 559 408 ut
581 365 686 427 magua
710 347 765 410 dea
788 347 868 412 culta
891 355 937 410 est
960 351 992 410 in
1014 349 1157 432 Aegypto,

139 438 277 516 quamuis
290 435 341 498 alii
359 436 494 504 scribant,
504 455 570 502 eam
589 455 625 504 cx
639 436 793 516 Aethiopia
812 439 842 500 in
857 437 1023 519 Aegyptum
1037 442 1157 503 uenisse

139 528 287 604 reginam,
304 534 339 592 et
366 525 445 604 quod
473 525 531 589 late
559 527 697 605 iusteque
720 527 914 604 imperauerit
937 530 1041 607 eisque
1063 528 1157 592 multa

137 613 293 682 commoda
316 623 346 680 et
368 614 483 679 litteras
506 614 778 696 instituentium
797 616 940 686 honorem
960 617 1003 681 illi
1021 617 1157 686 habitum

138 721 207 767 esse
228 703 378 784 diuinum,
402 713 503 783 postea
523 721 611 782 quam
635 703 678 764 ili
696 713 815 772 mortua
835 712 893 784 est,
918 714 948 774 et
970 714 1085 776 tantum
1098 707 1183 780 ¹lura

138 809 252 872 norem,
276 802 309 854 ut
333 792 452 870 capitali
474 793 599 858 crimine
622 811 693 854 reus
716 793 812 873 tieret,
834 794 864 864 si,
884 795 953 873 qula
975 813 1042 862 cam
1062 796 1155 864 facisse

138 880 289 948 homiaem
312 880 434 948 dicerer.

229 983 312 1050 10*.
335 989 462 1064 depost.
477 991 515 1050 de
533 992 592 1050 citt.
612 991 641 1049 d.
656 989 777 1050 XVIII
787 989 809 1048 5
831 987 886 1049 llis
900 989 1084 1068 temporibus
1102 1010 1155 1052 rex

137 1077 317 1156 Argiuorum
345 1077 416 1156 Apis
445 1076 572 1139 nauibrrs
599 1085 791 1138 transuectus
818 1079 850 1137 in
877 1077 1057 1158 Aegyptum,
1085 1098 1154 1140 cum

136 1166 180 1226 im
202 1175 339 1232 mortuus
362 1167 482 1246 luisset,
495 1166 600 1227 dactus
629 1174 676 1227 est
699 1166 819 1245 Serapis
847 1169 981 1233 omnium
1009 1171 1154 1229 maximus
1168 1191 1195 1230 ro

137 1255 349 1335 Aegyptiorum
377 1255 459 1316 deus.
496 1255 630 1316 Nominis
659 1263 759 1316 artem
785 1255 889 1336 huius,
917 1274 973 1316 our
1000 1274 1061 1320 non
1083 1258 1154 1336 Apis

135 1346 225 1406 etiam
248 1353 316 1423 post
340 1351 478 1424 mortem,
502 1344 557 1404 sed
580 1343 699 1423 Serapis
722 1343 886 1424 appellatus
910 1347 962 1426 sit,
986 1344 1154 1407 facillimam

136 1434 282 1494 rationem
301 1433 392 1499 Varro
411 1433 549 1495 reddidit.
586 1435 655 1512 quia
679 1435 759 1494 enim
781 1451 858 1512 arca,
882 1435 913 1494 in
936 1452 995 1512 qua
1017 1442 1154 1495 mortuus

135 1524 270 1603 ponitur,
295 1522 374 1603 quod
402 1540 509 1582 omnes
535 1525 594 1582 iam
617 1522 832 1600 sarcophagum
856 1530 977 1603 uocant,
1002 1518 1089 1604 σορὸς
1111 1522 1154 1583 di-

134 1611 350 1692 citurGraece,
366 1619 395 1672 et
409 1611 451 1672 ihi
467 1629 536 1672 eum
551 1613 691 1672 uenerari
708 1610 858 1691 sepultum
872 1621 1042 1692 coeperant,
1056 1614 1153 1692 prius·
1168 1633 1194 1674 ιι

135 1719 225 1779 quam
246 1700 390 1780 templum
415 1702 479 1760 eius
503 1707 584 1760 esset
602 1707 788 1760 extructum:
811 1699 896 1760 uelut
919 1719 1004 1762 soros
1028 1709 1058 1764 et
1077 1702 1149 1779 Apis

135 1790 259 1868 Sarapis
271 1792 380 1868 primo,
396 1789 502 1849 deinde
517 1807 576 1850 una
590 1788 702 1868 littera,
712 1796 746 1848 ut
760 1789 827 1848 lieri
840 1789 962 1870 adsolet,
973 1798 1152 1851 commutata

136 1877 257 1956 Serapis
280 1877 379 1938 dictus
402 1883 456 1937 ost.
494 1885 524 1937 et
547 1878 743 1937 constitutum
772 1884 818 1936 est
846 1879 934 1937 etiam
958 1878 996 1945 de
1023 1878 1087 1958 illo,
1111 1887 1153 1958 ut,

134 1968 272 2045 quisquis
296 1983 365 2026 eum
387 1966 538 2026 hominem
562 1965 653 2025 luisse
671 1965 806 2060 &uisset
829 1965 984 2043 capitale·
1007 1967 1153 2044 penderet

135 2073 269 2133 poenam.
308 2062 338 2114 et
361 2055 500 2134 quoniam
524 2054 586 2113 lere
610 2055 641 2113 in
670 2053 809 2117 omnibus
835 2053 968 2133 templis,
996 2053 1049 2115 uhi
1076 2054 1152 2115 cole·
1167 2077 1193 2116 so

134 2143 244 2209 bantur
262 2143 317 2208 lsis
336 2151 366 2206 et
385 2141 522 2221 Serapis,
539 2149 603 2206 erat
622 2144 714 2208 atium
735 2141 941 2222 simulacrum,
961 2141 1041 2228 quod
1059 2143 1151 2222 digito

134 2231 219 2298 labiis
250 2234 386 2313 inpresso
415 2231 573 2296 admonere
606 2231 773 2310 uideretur,
807 2237 841 2296 ut
873 2228 1026 2295 silentium
1058 2231 1152 2310 fieret,

134 2321 191 2385 hoc
210 2321 377 2400 significare
396 2321 476 2384 idem
494 2319 586 2386 Varro
606 2321 763 2402 existimat,
782 2328 816 2382 ut
833 2317 970 2383 homines
988 2338 1039 2381 eos
1059 2319 1151 2382 luisse

134 2418 292 2472 taceretur.
315 2405 369 2472 Ille
389 2408 571 2490 autentos,
594 2427 683 2496 quiem
706 2406 836 2478 miurbili
858 2410 988 2474 uanitate
1008 2409 1151 2488 deceptus

134 2501 285 2578 Aegyptus
316 2500 348 2562 in
381 2500 446 2562 eius
477 2497 621 2563 honorem
658 2495 772 2562 deliciis
814 2496 1005 2562 affluentibus
1046 2496 1151 2577 alebat,
1165 2517 1192 2558 se

134 2589 274 2666 quoniam
298 2605 367 2654 eum
390 2589 455 2648 sine
479 2586 660 2672 sarcophago
684 2587 789 2652 uiuum
812 2585 1047 2666 uenerabautur,
1070 2586 1151 2665 Aple,

134 2694 194 2738 uon
214 2675 334 2756 Serapis
355 2675 526 2740 uocabatur.
557 2693 615 2758 quo
635 2673 712 2736 boue
731 2681 849 2736 mortuo
870 2675 1009 2754 quoniam
1029 2692 1151 2753 quaere-

134 2765 222 2830 batur
241 2772 271 2826 et
289 2763 495 2844 reperiebatur
514 2762 627 2826 uitulus
646 2762 755 2827 coloris
774 2762 917 2842 eiusdem,
936 2762 993 2824 hoc
1013 2771 1058 2826 est
1076 2761 1151 2826 albis

134 2853 313 2934 quibusdam
332 2852 456 2916 maculis
475 2851 612 2918 similiter
631 2853 800 2933 insignitur,
823 2853 934 2914 mirum
957 2850 1099 2931 quiddam
1121 2859 1151 2914 et

133 2943 279 3004 diuinitus
304 2941 361 3004 sibi
384 2948 577 3024 procuratum
600 2959 666 3005 esse
691 2939 860 3002 credebant.
1164 2961 1192 3002 so

225 3043 307 3113 ll*.
330 3049 456 3124 depost.
475 3050 513 3110 de
536 3050 596 3110 cire.
615 3049 644 3111 d.
663 3047 699 3108 X
703 3047 820 3108 de
856 3045 930 3110 Nam
958 3055 992 3111 ut
1019 3045 1150 3113 Athenae

134 3146 323 3216 uocarentur,
347 3136 427 3216 quod
450 3143 531 3199 certe
550 3153 658 3200 nomen
677 3155 694 3199 a
712 3135 847 3198 Minerua
870 3143 924 3216 est,
944 3153 1019 3214 quae
1039 3133 1150 3202 Graece

128 3221 247 3306 Ἀθηνᾶ
261 3226 380 3305 dicitur,
395 3225 471 3289 hano
491 3241 610 3288 causam
623 3224 715 3290 Varro
735 3224 860 3289 indicata
875 3223 949 3289 cum
964 3225 1151 3303 apparuisset

134 3314 194 3379 illic
213 3321 336 3392 repente
355 3314 452 3378 oliuae
470 3312 560 3378 arbor
579 3321 608 3374 et
627 3313 683 3377 alio
703 3313 767 3375 loco
782 3332 858 3392 aqua
877 3314 1034 3392 erupisset,
1049 3330 1150 3390 regem

134 3403 269 3482 prodigia
291 3404 349 3466 ista
371 3409 598 3493 monstratust
625 3403 706 3466 misit
730 3401 766 3463 ad
789 3402 954 3480 Apollinem
974 3401 1150 3480 delphicum
1164 3419 1190 3462 aa
1306 3463 1307 3484 ,

134 3494 327 3572 sciscitatum,
342 3491 413 3570 quid
427 3490 659 3568 intellegendum
674 3499 754 3551 esset
768 3491 879 3570 quidue
897 3489 1072 3554 laciendum.
1100 3487 1149 3550 ille

135 3580 297 3660 respondit,
317 3581 395 3660 quod
415 3579 479 3642 olea
493 3579 657 3640 Mineruam
669 3580 866 3660 significaret,
885 3579 964 3640 unda
979 3579 1149 3658 Neptunum
