2620 4054
14 261 15 266 ,
107 203 292 282 TESTB-t.
312 225 448 282 FRAGM.
460 233 538 283 1-6.
560 225 760 281 BRVTTEBII
777 225 883 282 NIGRI
898 225 998 281 ubst.
1009 231 1032 280 1.
1052 225 1117 290 289

107 377 305 438 mutius-in
318 376 398 437 hunc
413 377 534 437 modum
549 393 673 436 exorsus
688 382 745 436 est:
754 374 926 434 —Brutum
941 380 971 434 et
984 373 1120 434 Cassium

13 467 14 474 ’
106 464 274 526 laudauisse
290 466 381 526 dicor.
405 459 461 542 (ef.
477 464 724 544 eruthraeae.
744 463 818 542 App.
833 465 859 524 b.
875 466 933 524 eiu.
950 463 1025 523 IIII
1035 455 1119 544 114.)

107 580 149 602 =
165 555 246 616 Suet.
265 554 326 616 Teo.
344 553 384 614 61
407 553 564 615 Obieotum
588 561 618 614 et
640 552 784 614 historico
809 549 842 630 [a
870 549 1001 628 Tiberio]
1007 598 1016 634 ,
1040 551 1119 630 quod

106 641 233 704 Brutum
252 642 445 722 Cassiumque
468 641 588 704 ultimos
611 641 812 702 Romanorum
830 641 962 701 dixisset.
977 666 1019 690 =
1038 641 1119 701 Cass.

106 733 195 793 Dion.
210 733 307 793 LVII
320 732 365 793 24
383 727 462 815 (test.
476 727 520 812 2).
1134 756 1147 798 5

195 832 256 901 4³³.
281 840 363 900 Suet.
382 839 459 915 Aug.
477 838 522 898 35
559 836 736 898 Senatorum
764 835 935 897 affluentem
961 853 1120 897 numerum
1171 845 1175 853 '

107 926 235 988 deformi
248 934 278 988 et
291 926 442 990 incondito
457 925 545 988 turba
560 958 601 968 -
617 927 653 986 ad
667 924 788 986 modum
805 926 965 1028 pristinum
979 931 1009 984 ct
1023 923 1120 1002 spien-

107 1015 210 1086 dorem
229 1015 344 1096 redegit
363 1015 478 1078 duabus
497 1013 688 1076 lectionibus:
706 1015 801 1092 prima
816 1015 950 1092 ipsorum
965 1011 1120 1092 arbitratu,

108 1121 166 1182 quo
189 1105 237 1165 uir
255 1106 360 1166 uirum
382 1104 467 1185 legit,
491 1103 621 1166 secunda
649 1121 702 1164 suo
726 1110 756 1165 et
781 1102 941 1182 Agrippae3
965 1119 1023 1181 quo
1047 1099 1173 1160 tem-18

106 1209 180 1271 pore
200 1193 384 1254 existimatur
403 1192 494 1254 lorica
514 1192 570 1254 sub
589 1200 672 1254 ueste
692 1193 825 1253 munitus
843 1191 983 1269 ferroque
1002 1191 1118 1250 cinctus
1130 1185 1181 1237 ⁷3⁶

107 1281 293 1359 praesedisse
326 1281 429 1343 decem
461 1280 671 1343 ualentissimis
704 1281 846 1342 senatorii
876 1279 989 1340 ordinis
1018 1279 1121 1338 amicis

108 1368 210 1430 sellam
234 1388 319 1430 suam
337 1369 608 1432 circumstantibus.
632 1369 747 1431 Cordus
766 1367 936 1430 Cremutius
960 1366 1065 1429 scribit
1083 1384 1121 1427 ne

79 1501 85 1506 -
108 1456 270 1519 admissum
294 1458 413 1538 quidem
440 1466 512 1521 tuno
536 1477 714 1538 quemquam
743 1465 913 1518 senatorum
941 1458 1000 1517 nisi
1026 1455 1122 1516 solum

109 1554 139 1607 et
162 1555 377 1626 praetemptato
401 1550 478 1609 sinu

199 1649 322 1716 5²¹th
283 1655 359 1716 Ptin.
384 1675 412 1717 n
436 1655 581 1716 111174
610 1655 757 1716 humores
781 1661 851 1714 sunt
874 1651 1012 1713 omnibus
1036 1651 1121 1710 annis
1136 1672 1162 1714 15

110 1742 248 1803 aduolare
263 1741 349 1804 ilium
368 1761 403 1804 ex
418 1742 573 1822 Aethiopia
593 1759 664 1803 aues
679 1749 708 1803 et
728 1741 887 1820 confligere
907 1741 942 1802 ad
957 1740 1122 1801 Memnonis

109 1830 266 1911 tumulum,
286 1850 358 1910 quas
378 1831 415 1892 ob
435 1831 465 1891 id
484 1830 686 1892 Memnonidas
705 1837 822 1892 uocant.
845 1829 902 1890 hoc
921 1829 1000 1889 idem
1018 1830 1123 1907 quinto

111 1937 229 1999 quoque
244 1937 320 1980 anno
335 1920 433 1981 iacere
448 1937 497 1980 eas
513 1922 544 1979 in
558 1918 713 1998 Aethiopia
733 1921 812 1979 circa
831 1921 943 1997 regiam
957 1916 1123 1977 Memnonis

110 2006 295 2087 exploratum
314 2007 372 2069 sibi
390 2007 559 2069 Cremutius
578 2007 677 2069 tradit.
706 2001 771 2089 (nx
786 2009 885 2068 Plinio
899 2007 992 2067 Solia.
1012 2004 1067 2084 40,
1082 2003 1123 2064 19

106 2117 137 2174 p.
153 2097 217 2158 187
235 2091 293 2180 Μ.)
1138 2116 1166 2156 so

200 2198 259 2266 6*.
283 2205 360 2265 Ptin.
380 2223 409 2264 n.
423 2205 451 2265 b.
466 2204 550 2265 XVI
565 2203 630 2264 168
652 2201 821 2264 Cremutius
845 2208 948 2262 auctor
971 2209 1017 2262 est
1039 2216 1124 2260 num·

112 2311 199 2372 quam
222 2295 322 2354 uirere
347 2292 493 2374 arborem,
517 2311 552 2353 ex
577 2310 634 2372 qua
656 2289 767 2372 Phyllis
791 2309 823 2352 se
848 2289 1045 2370 suspenderit.

356 2533 683 2622 BRVTTEDIVS
714 2533 880 2620 Nlcnn

507 2682 730 2740 resumetur

80 2789 112 2857 l.
140 2799 228 2859 Color
257 2801 322 2860 etus
350 2815 389 2858 ex
417 2800 538 2858 actione
563 2814 621 2873 pro
645 2798 757 2858 herede
785 2798 920 2857 adulteri
942 2797 990 2856 rei
1016 2801 1125 2856 contra

113 2887 278 2964 Syriacum
301 2887 406 2948 Senee.
434 2892 530 2947 contr.
555 2886 639 2960 111,
662 2885 705 2945 35
719 2903 778 2960 sq.;
806 2883 891 2962 §36
913 2901 981 2944 oum
1004 2900 1125 2961 respon-

114 2975 198 3036 deret
213 2974 361 3056 Syriacus,
376 2976 428 3036 aitz
442 2973 575 3034 Primum
593 2992 653 3034 non
668 2972 746 3053 apud
761 2973 888 3034 eundem
902 2979 1126 3051 praeceptorem
1140 2992 1167 3033 os

114 3062 296 3124 studuimus:
324 3072 357 3124 tu
381 3062 592 3141 Apollodorum
620 3063 762 3141 habuisti,
790 3063 839 3123 cui
868 3078 985 3139 semper
1012 3062 1127 3121 narrari

114 3151 220 3233 placet,
234 3171 288 3231 ego
303 3151 500 3231 Theodorum,
515 3154 565 3213 cui
583 3169 643 3212 non
662 3168 789 3229 semper.
816 3150 908 3214 Tacit.
923 3168 994 3210 ann.
1011 3149 1068 3210 III
1083 3149 1128 3209 66

116 3239 158 3316 [a.
172 3241 222 3301 22.
240 3239 321 3317 775]
346 3239 376 3300 C.
396 3239 538 3321 Silanum,
560 3258 615 3319 pro
635 3239 756 3301 consule
775 3241 871 3320 Asiae,
894 3238 1127 3317 repetundarum

116 3346 133 3388 a
160 3330 249 3389 sociis
281 3327 463 3408 postulatum
494 3328 660 3390 Mamercus
698 3327 828 3389 Scaurus
861 3346 877 3388 e
911 3326 1127 3408 consularibus,

115 3416 218 3477 lunius
242 3416 320 3478 Otho
348 3424 481 3496 praetor,
503 3416 677 3477 Bruttedius
699 3415 790 3496 Niger
817 3415 920 3478 aedilis
948 3414 1037 3477 simnl
1064 3433 1127 3477 cor·
1141 3439 1169 3478 oo

115 3507 230 3585 ripinnt
253 3504 460 3583 obiectantque
483 3504 625 3566 uiolatum
644 3505 770 3584 Augusti
788 3523 912 3585 numen,
931 3513 1061 3584 spretam
1080 3504 1127 3564 Ti·

116 3594 193 3655 berii
210 3597 393 3656 maiestatem
411 3626 459 3654 —.
483 3592 671 3654 Bruttedium
690 3592 804 3654 artibus
822 3593 956 3655 honestis
975 3596 1129 3672 copiosum

168 3705 255 3756 Prusa,
269 3704 330 3745 Risi.
344 3704 407 3744 Rom.
421 3704 501 3754 fragm.
936 3699 967 3746 19
