2620 4054
489 225 722 284 TESTIMONIA.
1049 226 1115 292 285

11 443 12 456 ρ
101 376 152 437 sed
176 378 208 437 iu
231 379 412 439 monimenta
436 395 468 438 se
492 378 635 437 maiorum
660 395 782 439 suorum
811 378 883 439 ferri
910 379 998 439 iussit
1027 385 1115 458 atque

11 543 12 550 ρ
100 467 141 528 ita
164 466 290 548 includi,
314 467 430 529 ueritus
454 465 569 528 scilicet
592 483 629 526 ne
652 467 730 545 ignis
755 469 806 547 qui
831 469 945 529 nomini
968 485 1022 528 suo
1047 465 1115 527 sub-

101 559 196 618 iectus
230 564 306 636 erat,
339 557 459 635 corpori
487 573 540 616 suo
569 563 742 634 negaretur:
778 574 838 617 non
866 558 964 617 finiuit
1000 564 1116 617 tantum

101 663 133 707 se
169 648 234 724 ipse
272 645 324 705 sed
361 648 450 706 etiam
487 643 633 724 sepelierit.
679 643 800 706 Memini
836 645 1011 727 aliquando,
1047 663 1115 706 oum

100 736 241 796 recitaret
280 733 451 814 historiam,
488 751 623 812 magnam
660 741 775 813 partem
816 733 901 797 illum
941 733 1010 796 libri
1046 747 1143 796 con-o

100 823 233 886 uoluisse
270 830 299 885 et
335 822 446 884 dixisse
488 818 582 885 ‘Haeo
620 840 694 901 quae
732 831 851 884 transeo
889 831 957 904 post
989 830 1116 884 mortem

100 931 195 975 meam
219 904 382 992 legentur'.
415 910 530 984 Quanta
553 913 584 972 in
607 910 666 972 iliis
689 911 811 974 libertas
835 913 891 974 iuit
915 931 1003 993 quam
1027 914 1116 973 etiam

100 1002 250 1063 Labienus
274 997 432 1063 extimuit?
456 1001 538 1062 Cassi
557 1001 672 1082 Seueri,
696 1000 824 1062 hominis
843 1001 974 1063 Labieno
996 1003 1116 1063 inuisis-

101 1093 183 1172 simi,
198 1089 273 1152 belle
289 1091 365 1152 dicta
386 1108 435 1152 res
454 1089 606 1152 ferebatur
623 1089 673 1150 iilo
688 1098 822 1171 tempore
837 1109 896 1171 quo
911 1090 980 1152 libri
993 1089 1117 1151 Labieni

101 1199 137 1241 ex
166 1188 287 1242 senatus
315 1166 451 1242 consulto
479 1178 749 1242 comburebantura
778 1176 879 1242 ‘Nune
908 1175 982 1260 me',
1010 1180 1157 1259 inquito

101 1265 222 1331 ‘uiuum
242 1271 290 1331 uri
314 1277 432 1349 oportet
454 1269 506 1348 qui
528 1268 595 1329 illos
618 1263 752 1330 edidiei'.
776 1271 857 1331 Suet.
877 1271 971 1346 Catio.
990 1269 1034 1329 16
1057 1267 1131 1352 Titi,

101 1356 233 1440 Labieni,
257 1357 346 1419 Cordi
369 1357 510 1437 Cremuti,
534 1357 617 1418 Cassi
640 1357 747 1418 Seueri
769 1360 880 1437 scripta
904 1365 1025 1420 senatus
1049 1375 1117 1418 con·

101 1446 189 1508 sultis
203 1446 312 1509 abolita
326 1448 440 1526 requiri
454 1455 484 1508 et
498 1465 564 1508 esse
579 1447 609 1508 in
624 1447 760 1508 manibus
778 1447 967 1527 lectitarique
980 1448 1118 1526 permisit

101 1534 287 1618 [ColiouloL
312 1536 429 1616 quando
453 1537 578 1597 maxime
602 1539 850 1617 suainterosset,
871 1545 905 1598 ut
928 1536 1005 1599 facta
1029 1554 1116 1616 quae·

101 1644 160 1706 que
183 1628 312 1705 posteris
335 1625 498 1687 tradantur.
537 1624 577 1702 cf.
605 1627 685 1688 Coss.
709 1628 796 1689 Dion.
816 1628 894 1688 LVI
908 1627 954 1688 27
990 1619 1117 1688 Μαθὼν
1132 1636 1157 1678 1⁶

102 1721 272 1801 [Aequores
296 1741 324 1784 a.
343 1724 392 1784 12.
420 1721 499 1800 765]
534 1718 578 1785 ὅτι
609 1724 709 1803 βιβλία
736 1715 806 1786 ἶν’ττα
836 1720 885 1805 ἐφ’
915 1721 1000 1806 ὕβρει
1027 1728 1117 1787 τινῶν

102 1814 312 1902 συγγράφοιτο,
336 1815 455 1899 ζήτησιν
477 1815 576 1882 αὐτῶν
598 1814 756 1902 ἐποιήσατο
778 1820 828 1883 καὶ
847 1818 946 1884 ἐκεῖνά
963 1845 992 1885 τε
1009 1817 1044 1883 τὰ
1063 1818 1117 1902 μὲν

102 1916 135 1978 ἐν
156 1921 192 2000 τῇ
214 1913 296 1979 πόλει
326 1911 484 1998 εὑρεθέντα
510 1913 585 1998 πρὸς
611 1922 670 1980 τῶν
697 1913 908 2000 ἀγορανόμων,
936 1913 971 1981 τὰ
1001 1917 1034 1980 δὲ
1061 1919 1116 1992 ἔξω

101 2011 177 2098 πρὸς
199 2019 259 2078 τῶν
281 2011 457 2096 ἑκασταχόθι
479 2011 630 2098 ἀρχόντων
652 2015 807 2095 κατέφλεξε
833 2016 884 2078 καὶ
910 2021 969 2079 τῶν
991 2016 1117 2079 συνθέν-

100 2137 161 2175 των
183 2108 258 2175 αὐτὰ
282 2108 402 2176 ἐκόλασέ
424 2137 514 2188 τινας.
826 2127 827 2133 ’
1130 2127 1157 2168 2⁰
