2620 4054
299 236 420 292 IVLIVS
436 236 649 294 MAR-ATHVS.
687 237 716 297 0.
730 237 882 294 DRVSVS.
1037 238 1102 304 269

86 395 172 467 capta
198 389 317 467 pignori
345 395 405 448 tam
428 387 481 449 diu
508 389 539 449 in
568 387 632 449 loro
657 388 757 449 clausa
780 391 878 450 tenuit
901 382 985 473 (nam
1009 387 1103 449 Varus

86 494 243 557 possessor
262 475 440 537 Mantuanus
464 472 551 559 erat),
574 477 669 538 donoc
687 477 786 538 inedia
805 485 1004 559 morerentur,
1022 477 1102 538 unde

86 564 252 627 molestiam
275 565 442 628 Mantuanis
466 582 558 645 super
580 566 750 627 amittendis
774 568 853 645 agris
875 565 977 628 intulit
995 566 1104 648 Varus3

86 653 208 734 Virgilio
228 662 326 715 tamen
344 656 490 736 pepercit,
509 656 649 734 quoniam
668 654 891 735 condiscipulus
911 659 975 717 eins
997 657 1102 717 iuerat.

87 745 175 806 sera
195 746 239 804 ad
255 747 309 805 ecl.
325 741 354 818 9,
372 743 393 802 7
416 743 584 805 subducere
606 741 699 822 oliuo]
715 777 756 788 -
772 743 822 804 alii
839 745 971 806 medium
990 743 1129 807 cliuum⁵

87 834 247 912 accipiunt,
266 850 301 892 ex
325 851 385 911 quo
404 833 542 911 superior
564 850 633 912 pars
654 832 832 894 subducitur
854 835 885 894 in
909 832 1015 896 collem
1038 852 1103 896 sur-

87 929 215 1002 gentem,
228 921 354 982 inlerior
372 924 403 982 in
422 921 587 983 subiectam
600 920 754 1002 planitiem
769 921 897 983 molliter
911 923 1103 1003 deprimitur:

88 1029 183 1090 usque
207 1010 243 1071 ad
268 1028 336 1072 eum
360 1019 459 1072 autem
482 1010 581 1072 locum
604 1013 748 1090 perticam
779 1010 937 1073 militarem
960 1011 1103 1073 Octauius

88 1098 171 1160 Musa
199 1108 387 1181 porrexerat,
419 1099 561 1160 limitator
589 1099 625 1161 ab
648 1101 783 1179 Augusto
812 1100 912 1182 datus,
940 1103 958 1161 i.
983 1119 1022 1180 e.,
1048 1119 1104 1180 per
1169 1149 1176 1158 ,

89 1187 258 1268 quindecim
278 1188 370 1250 millia
388 1207 531 1268 passuum
549 1191 613 1268 agri
626 1189 787 1269 Mantuani,
807 1208 876 1252 cum
895 1189 1105 1251 Cremonensis
1119 1202 1146 1242 1⁰

90 1296 148 1339 non
173 1277 337 1359 sufficeret,
356 1278 523 1339 offensusa
546 1278 727 1358 Mantuanis,
751 1279 830 1358 quod
853 1297 962 1359 pecora
985 1281 1050 1340 eius
1074 1280 1105 1338 in

90 1384 161 1445 agro
183 1365 303 1445 publico
326 1366 484 1447 aliquando
507 1365 692 1428 clausissent.

352 1548 522 1638 IVLIVS
555 1548 841 1637 MARATHVS

473 1678 735 1736 rssrmomvm

56 1768 91 1836 l.
115 1777 197 1838 Suet.
211 1777 289 1850 Aua.
306 1775 349 1834 79
371 1774 464 1835 lulius
483 1775 633 1837 Marathus
652 1775 778 1838 libertus
797 1785 827 1838 et
845 1795 862 1837 a
880 1779 1023 1839 memoria
1041 1778 1106 1852 eius

93 1862 261 1944 [AepustiL
281 1863 325 1939 fr.
339 1862 368 1922 2.
1180 1861 1187 1876 '

319 1970 442 2039 (VITAE
461 1971 635 2042 AVGVSTI)
655 1971 883 2027 FRAGMENTA

182 2062 211 2129 l.
236 2069 317 2130 Suet.
337 2070 415 2143 Aac.
435 2066 479 2126 94
516 2067 629 2127 Auctor
656 2074 703 2128 est
729 2064 824 2129 lulius
846 2066 1011 2145 Marathus,
1040 2076 1107 2126 ante
1118 2065 1171 2142 2⁸-

92 2174 204 2238 paucos
237 2175 326 2237 quam
357 2165 533 2217 nasceretur
566 2155 747 2234 [depastus]
785 2173 903 2216 menses
940 2153 1168 2234 prodigtnm691

92 2247 203 2308 Romae
232 2246 343 2307 iactum
371 2243 503 2326 publice,
528 2263 586 2324 quo
614 2244 859 2325 denuntiabatur,
882 2262 984 2324 regem
1006 2241 1110 2324 populi

93 2336 218 2397 Romani
241 2343 377 2396 naturam
400 2335 564 2416 parturire3
587 2343 724 2396 senatum
747 2336 923 2395 exterritum
947 2335 1108 2413 consuisse,

95 2443 131 2486 ne
155 2427 223 2504 quis
249 2423 300 2484 illo
331 2441 408 2484 anno
441 2425 560 2502 genitus
593 2423 786 2504 educaretur,
813 2441 864 2484 eos
893 2425 944 2502 qui
971 2422 1109 2502 grauidas

94 2531 203 2575 uxores
217 2512 371 2588 haberent,
386 2512 466 2592 quod
480 2513 515 2574 ad
536 2531 568 2574 se
583 2515 710 2593 quisque
730 2531 813 2592 spem
832 2512 973 2592 traheret,
988 2523 1150 2573 curassem

95 2621 132 2664 ne
156 2611 277 2664 senatus
301 2600 470 2663 consultum
494 2601 529 2662 ad
553 2604 701 2663 aerarium
724 2601 901 2662 deferretur.

186 2686 219 2753 2.
243 2691 326 2753 Suet.
341 2693 418 2767 Aua.
436 2689 480 2749 79
503 2689 654 2751 staturam
679 2688 836 2767 [Aupusti]
860 2689 985 2750 breuem
1008 2681 1111 2769 (quam

94 2790 195 2843 tamen
213 2779 307 2841 lulius
325 2779 485 2859 Marathone,
504 2778 630 2840 libertus
649 2788 680 2840 et
698 2797 715 2839 a
733 2780 876 2840 memoria
889 2779 964 2858 eius,
978 2779 1110 2857 quinque

95 2868 204 2950 pedum
228 2875 259 2930 et
281 2867 435 2930 dodrantis
463 2868 556 2930 luisse
584 2863 690 2951 tradit)
719 2867 771 2929 sed
800 2885 874 2947 quae
903 2866 1111 2928 commoditate

95 2966 126 3019 et
149 2960 298 3038 aequitate
322 2956 508 3018 memborum
531 2955 729 3020 occuleretur.
1126 2967 1152 3008 2⁵

440 3122 483 3208 0.
525 3119 769 3208 DRVSVS

474 3251 735 3308 FRAGMENTVM

189 3343 222 3411 l.
238 3349 407 3425 SuetAap.
418 3348 462 3408 94
476 3348 575 3410 lnlans
590 3348 687 3409 adhuc
703 3345 900 3427 [Anqusms],
919 3353 954 3406 ut
967 3347 1114 3423 scriptum

96 3436 176 3518 apud
187 3435 218 3497 C.
226 3436 357 3498 Drusum
366 3446 459 3519 extat,
474 3439 625 3516 repositus
640 3455 767 3515 uespere
780 3438 812 3495 in
827 3453 951 3520 cunasa
964 3433 1114 3496 nutricula

96 3528 163 3588 loco
177 3525 275 3608 plano,
288 3535 408 3605 postera
422 3525 489 3588 luce
503 3544 563 3588 non
578 3527 745 3606 comparuit
758 3524 870 3604 diuque
884 3525 1037 3604 quaesitus
1051 3532 1114 3585 tan·

97 3616 166 3677 dem
173 3618 206 3676 in
215 3615 358 3677 altissima
366 3617 444 3676 turri
453 3623 591 3696 repertus
602 3624 657 3696 est,
664 3617 764 3676 iacens
774 3622 878 3675 contra
888 3612 959 3674 solis
969 3621 1113 3674 exortum.
