2640 4052
172 255 215 322 38
494 255 527 310 A.
546 253 721 311 POSTVMII
738 253 865 311 ALBINI

171 405 237 485 tuit,
251 405 373 467 doctum
390 423 460 467 sone
475 405 635 486 hominem,
649 413 684 466 ut
701 404 814 466 indicet
826 406 921 485 ipsius
935 403 1060 466 historio
1076 406 1189 484 scripte

171 494 293 576 Graece,
302 497 450 556 iocantem
460 489 1057 575 dixisseComeadi:‘EgothiGerneode
1067 501 1189 574 praetor

170 601 237 645 esse
260 601 319 645 non
339 583 452 666 uideor,
472 586 541 663 quio
561 584 680 664 sopiens
698 600 757 644 oon
777 601 853 665 sum,
871 601 927 644 nee
946 582 1019 644 haee
1038 583 1112 644 orbs
1131 600 1188 645 neo

170 674 202 734 in
225 691 260 734 ea
283 669 410 734 ciuites’.
457 672 532 734 Tum
556 672 605 734 ilie
625 669 713 734 Ἧοὶο
732 674 827 734 stoioo
845 691 906 734 non
924 668 1058 736 uideris'.
1098 673 1189 735 Brut.

169 762 219 843 21,
237 763 278 823 81
306 763 364 824 Sed
384 765 457 824 uiuo
476 761 587 824 Catone
610 764 742 824 minores
765 769 837 823 notu
859 761 946 824 multi
968 780 1028 824 uno
1051 770 1218 842 temporeo
1314 779 1315 792 ¹

170 860 305 913 oratores
328 851 503 914 floruerunt.
537 870 605 913 nom
626 859 657 914 et
669 851 701 912 A.
716 850 855 932 Albinus,
874 852 900 913 is
920 853 972 930 qui
986 850 1098 912 Graece
1113 853 1188 913 sori-

170 943 231 1020 psit
249 941 413 1023 historiam,
434 943 485 1022 qui
505 940 609 1004 consul
627 959 697 1003 oum
715 941 747 1002 L.
766 939 890 1002 Lucullo
908 941 974 1022 tuit,
993 950 1023 1002 et
1036 939 1188 1003 litteratus

169 1038 201 1091 et
223 1030 354 1093 disertus
377 1031 442 1092 fuit.

135 1113 169 1182 3.
194 1122 298 1199 Polyb.
313 1121 445 1184 XXXX
458 1121 521 1196 6,1
544 1109 644 1194 Αὖλος
662 1114 830 1200 Ποστόμιος
849 1115 932 1194 όξιος
949 1117 1070 1202 γέγονεν
1088 1117 1188 1198 ἐπιση-

169 1217 276 1296 μασίας
298 1212 489 1280 τἰπτντεῦθεν.
527 1218 623 1292 οίκίας
645 1213 699 1297 μέν
721 1211 778 1300 γὰρ
803 1207 844 1297 ἦν
861 1215 912 1278 καλ
929 1214 1035 1298 γένους
1057 1211 1187 1297 πρότον,
1203 1235 1231 1276 to

168 1309 242 1376 κατὰ
266 1311 299 1376 δέ
321 1309 376 1395 τὴν
398 1315 480 1376 ίδίαν
504 1309 598 1394 φόσιν
622 1309 771 1395 στωμύλος
789 1312 839 1376 καί
861 1310 948 1389 λοίλος
970 1312 1020 1376 καλ
1042 1312 1188 1394 πέρττερος

171 1408 380 1493 διαφερόντως.
399 1407 588 1493 ἐπιθυμήσας
603 1410 636 1475 δέ
646 1408 759 1487 εὐθέως
772 1411 805 1474 ἐκ
818 1412 937 1474 παίδων
950 1415 1003 1491 τῆς
1011 1405 1187 1491 Ἑλληνικῆς

169 1506 288 1594 ἇγωγῆς
314 1510 363 1572 καλ
392 1509 546 1574 διαλέκτου
573 1506 667 1585 πολδς
694 1507 748 1591 μέν
774 1501 815 1591 ἦν
837 1509 870 1572 έν
893 1506 1007 1585 τούτοις
1027 1509 1078 1572 καλ
1100 1533 1187 1573 κατα·
1314 1567 1315 1600 ,

168 1603 272 1688 ιιορής·
314 1604 386 1671 όόστε
415 1600 456 1671 δι’
488 1607 602 1672 ἐκεῖνον
631 1608 681 1670 καλ
707 1603 763 1688 τὴν
792 1608 904 1690 αἵρεσιν
932 1601 988 1688 τὴν
1009 1602 1187 1688 Ἑλληνικὴν
1314 1601 1315 1606 “

168 1698 341 1788 προσκόψαι
368 1711 429 1781 τοῖς
456 1705 664 1787 πρεσβυτέροις
690 1705 741 1769 καλ
767 1712 828 1783 τοῖς
859 1701 1099 1790 ἀξιολογωτάτοις
1126 1709 1186 1768 τῶν
1201 1727 1228 1768 ιτ

163 1798 332 1883 Ῥωμαίων,
361 1802 441 1880 τέλος
469 1802 502 1867 δὲ
528 1802 579 1866 καλ
610 1806 723 1885 ποίημα
749 1801 877 1887 γρόφειν
903 1802 953 1867 καλ
980 1797 1186 1886 πραγματικὴν

168 1901 300 1982 ἱστορίαν
322 1900 519 1983 ἐνεχείρησεν,
539 1925 567 1968 κ.
584 1928 608 1965 τ.
627 1908 651 1964 λ.
672 1903 716 1981 sr.
730 1905 758 1966 1.

133 1993 168 2063 4.
197 2003 319 2063 Catonis
333 2003 371 2064 de
389 2004 455 2063 eius
469 2004 600 2064 historia
619 2006 732 2066 dictem
751 2004 830 2064 ont.
853 2005 916 2064 Cat.
928 2003 969 2062 12
996 1996 1187 2081 Ποστούμιον

168 2103 244 2182 γοῦν
263 2094 401 2180 Ἀλβῖνον
423 2100 556 2182 ἱστορίαν
575 2095 738 2181 Ἑλληνιστί
756 2095 914 2182 γρόψαντα
937 2099 987 2162 καλ
1004 2094 1186 2182 συγγνοόμην

168 2192 345 2277 αίτοόμενον
374 2195 548 2276 ἐπέσκωψεν
575 2194 667 2260 είποόν
695 2197 798 2262 δοτέον
820 2192 973 2278 εἶναιτὴν
996 2192 1185 2280 συγγντόμην,
1199 2215 1227 2257 το

168 2294 195 2356 εί
214 2298 273 2356 τῶν
288 2289 515 2375 Ἀμφικτυόνων
533 2295 754 2376 ψηφισαμένων
773 2291 975 2379 ἀναγνωσθεὶς
992 2289 1130 2374 ὑπέμεινε
1152 2288 1184 2357 τό

168 2392 265 2475 ἔργον.
285 2387 343 2478 (=
354 2398 495 2473 opopoto.
505 2389 572 2476 29).
596 2398 700 2475 Polyb.
715 2397 848 2455 XXXX
861 2396 890 2473 6,
904 2396 934 2456 5.
961 2397 1033 2456 Gell.
1048 2395 1106 2469 XI,
1121 2394 1185 2468 8,4

169 2477 223 2564 (ex
251 2484 339 2546 Corn.
363 2486 437 2561 Nep.
461 2487 499 2546 de
523 2489 562 2546 ill.
586 2487 646 2547 uir.
674 2484 717 2561 fr.
737 2484 770 2562 9,
801 2504 841 2547 ex
868 2487 941 2547 Gotl.
965 2485 1104 2546 Macrob.
1127 2490 1184 2546 sot.

164 2571 267 2650 praes.
281 2568 348 2655 15).
385 2571 425 2649 cs.
440 2572 484 2650 fr.
503 2574 531 2635 1.

328 2724 562 2783 FRAGMENTA
580 2727 808 2783 GRAEGORVM
825 2724 1025 2782 ANNALIVM

260 2826 292 2894 l.
319 2833 392 2893 Geli.
407 2851 437 2894 ο.
451 2832 511 2892 Αίί.
522 2832 576 2893 XI
580 2831 641 2906 8‚2
656 2827 710 2913 (εκ
723 2833 811 2893 Coro.
824 2833 898 2908 Nep.
913 2833 951 2893 de
967 2834 1007 2892 ill.
1022 2833 1083 2892 uir.
1094 2828 1136 2905 fr.
1148 2821 1183 2908 9)
1199 2851 1224 2894 ετ

168 2920 306 3025 Albitius,
335 2923 386 3001 qui
415 2939 484 2982 cum
511 2919 543 3026 L.
569 2918 698 3026 Lueollo
725 2918 830 3026 consul
858 2920 927 3025 fuit,
959 2938 1008 3023 ses
1036 2918 1185 3023 Romeoes

169 3017 303 3071 oratione
330 3009 443 3072 Graece
472 3017 663 3090 scriptiteutt.
710 3006 743 3069 lo
771 3027 836 3070 etus
864 3009 1007 3069 historiae
1036 3023 1184 3087 principio

169 3101 377 3177 scriptumest
395 3098 430 3160 ed
450 3099 527 3161 hono
546 3100 738 3160 sententiam:
762 3100 910 3160 neminem
931 3114 1107 3159 suscensere
1127 3094 1184 3156 sibi

169 3189 345 3268 conuenire,
364 3189 390 3247 si
409 3189 481 3268 quid
500 3191 532 3249 in
546 3187 594 3249 his
608 3187 693 3249 libris
707 3205 813 3267 perum
832 3189 996 3267 composite
1015 3186 1184 3248 autminus

169 3274 320 3354 eleganter
338 3283 403 3336 tum
417 3278 562 3356 seriptum
576 3277 663 3339 foret.
687 3273 772 3338 ‘Nam
786 3271 874 3356 sum’,
892 3278 999 3357 inquit,
1013 3271 1113 3336 ‘homo
1127 3272 1185 3334 Ro·
1198 3291 1225 3332 ιο

169 3371 395 3443 manusuetus
418 3367 450 3424 in
467 3363 561 3428 Latio.
602 3367 714 3428 Graeco
737 3367 831 3428 oratio
855 3383 872 3426 a
895 3365 982 3426 nobis
1005 3364 1184 3426 alienissime

169 3447 236 3532 est',
250 3453 376 3532 ideoque
391 3455 509 3514 ueniam
523 3457 708 3535 motamque
718 3454 811 3516 maloe
825 3455 1061 3534 existimationis,
1076 3455 1102 3514 si
1112 3450 1185 3532 quid

169 3551 249 3602 esset
263 3549 404 3623 erratum,
418 3542 589 3621 postulauit.
614 3540 668 3623 (ex
689 3547 763 3606 Getl.
781 3533 1184 3622 Macrob.sot.praes.14.)

169 3656 213 3681 =
232 3633 336 3711 Polyb.
357 3632 489 3696 XXXX
504 3632 579 3707 ό,4
618 3632 707 3708 Τέλος
729 3630 763 3695 δέ
789 3631 840 3693 καί
868 3621 981 3710 [Αὖλος
1003 3625 1183 3710 Ποστόμιος]
