2638 4056
376 216 610 274 castulonis.
648 217 784 274 FRAGM.
806 226 882 274 1-3.
1073 221 1136 284 l‘l‘l

119 368 197 432 uelle
220 368 373 430 dumtaxat
395 369 520 430 imitari:
549 385 638 447 quem
662 369 688 430 si
715 367 839 449 adsequi
862 377 978 452 posset,
1006 369 1138 450 aliqnan-

119 466 183 520 tum
206 457 244 518 ab
267 465 390 536 optumo
413 464 513 521 tamea
536 456 664 518 abesset.

84 561 117 628 V.
144 567 205 628 Oia.
224 565 312 627 Brut.
333 565 386 639 74,
409 563 476 624 259
497 563 624 624 Sisenna
644 571 746 625 autem
769 568 855 644 quasi
878 565 1052 626 emendator
1075 585 1137 628 ser·

117 657 215 716 monis
238 656 343 715 usitati
362 671 435 715 cum
459 669 525 714 esse
549 652 653 734 uellet,
675 672 715 714 ne
738 672 756 714 a
777 653 809 715 C.
828 653 921 716 Rusio
945 655 1065 734 quidem
1089 674 1137 717 ac-

118 750 256 820 cusatore
294 743 441 805 deterreri
476 744 574 820 potuit
610 761 671 822 quo
708 745 807 804 minus
843 746 994 806 inusitatis
1033 745 1164 807 uerbiss

117 841 263 895 uteretur.
284 833 355 895 Teo.
375 835 448 894 dial.
466 831 509 892 23
532 829 622 892 Vobis
640 833 745 912 utique
764 842 925 894 uersentur
944 842 1012 894 ante
1033 834 1136 895 oeulos

116 924 178 1001 isti,
194 953 232 968 ·-·
250 921 360 1002 quibus
379 919 549 1000 eloquentia
566 920 678 982 Aufidii
695 920 781 982 Bassi
799 929 851 982 ant
868 921 991 984 Seruilii
1008 922 1137 985 Noniani

117 1029 155 1072 ex
177 1013 398 1090 conmunione
417 1009 560 1072 Smennee
578 1018 631 1072 aut
649 1009 790 1072 Varronis
813 1011 923 1072 sordet.

81 1112 117 1180 8.
141 1119 365 1196 Feratenses
380 1119 446 1180 Ver.
458 1117 507 1177 11
522 1137 553 1194 p.
565 1117 625 1177 114
641 1119 675 1178 N.
695 1115 856 1179 Historiam
873 1149 911 1161 -
928 1117 1077 1179 scribsere
1094 1151 1133 1162 -—

118 1205 245 1268 Sisenna
266 1208 436 1288 longinque.
1151 1229 1177 1268 ιο

80 1308 117 1378 ll.
147 1315 231 1376 ovid.
250 1317 327 1375 trist.
343 1315 383 1375 I]
396 1313 464 1373 443
484 1311 581 1373 Vertit
595 1313 746 1374 Aristiden
760 1312 894 1394 Sisenna,
909 1332 964 1375 nec
979 1312 1075 1375 obluit
1092 1313 1137 1374 illi

117 1403 260 1464 historiae
283 1411 388 1483 turpes
409 1403 575 1462 inseruisse
601 1404 690 1463 iocos.
738 1405 842 1463 Front.
866 1405 910 1463 ad
940 1403 1023 1464 Caes.
1044 1403 1136 1464 11⁷3

113 1511 145 1570 p.
162 1493 205 1552 62
220 1491 254 1552 lv.
282 1491 356 1553 llam
375 1500 495 1571 praeter
513 1491 568 1552 hos
585 1493 696 1570 partim
715 1494 897 1570 scriptorum
916 1492 1135 1553 animaduertes

116 1581 318 1660 particulatim
342 1580 485 1660 elegantis
507 1577 637 1640 Nouium
660 1587 690 1641 et
711 1580 908 1660 Pomponium
932 1587 962 1640 et
985 1581 1015 1641 id
1039 1599 1134 1660 genus

116 1673 149 1731 in
172 1670 275 1731 uerbis
299 1673 459 1732 rusticanis
479 1677 509 1730 et
526 1669 710 1730 ioenlaribus
729 1678 759 1731 et
777 1668 967 1750 ridiculariis,
986 1671 1084 1730 Altam
1101 1672 1134 1730 in
1149 1691 1176 1731 rs

116 1759 328 1841 muliebribus,
352 1759 509 1822 Sisennam
535 1761 567 1820 in
590 1758 735 1836 lasciuiis,
758 1757 906 1819 Lucilium
933 1761 965 1819 in
988 1761 1135 1839 cuiusque

117 1851 190 1910 artis
213 1867 248 1910 ae
271 1850 384 1928 negotii
404 1849 545 1928 propriis.

64 1941 125 2009 10.
143 1949 215 2009 Geli.
235 1947 320 2008 XVI
338 1946 368 2020 9,
387 1947 408 2006 5
431 1945 468 2007 ll.
490 1943 584 2005 Varro
606 1947 638 2005 in
661 1944 787 2006 Sisenna
811 1945 860 2006 uel
883 1945 919 2005 de
942 1943 1076 2007 historia.

375 2097 631 2154 HISTORIARVM
649 2097 878 2154 FRAGMENTA

501 2205 556 2259 EX
574 2204 702 2261 LIBHO
721 2205 734 2258 1

208 2313 267 2384 l*.
287 2320 378 2380 Seru.
398 2321 442 2380 ad
465 2319 552 2394 Vere.
571 2320 645 2379 Aen.
661 2318 683 2379 Ι
692 2317 758 2378 242
780 2317 868 2378 Hi-
882 2317 941 2380 duo
957 2315 1090 2396 [Aeneas
1103 2325 1136 2380 et
1147 2341 1174 2380 so

117 2405 268 2486 Antenor]
296 2408 416 2468 Troiam
447 2406 615 2486 prodidisse
647 2407 789 2468 dicuutur
822 2406 987 2468 secundum
1013 2406 1133 2470 Liuium

118 2495 154 2576 [Ι
167 2495 201 2574 1]
219 2531 268 2558 -.
293 2495 418 2558 Sisenna
436 2505 536 2558 tamen
554 2496 636 2575 dicit,
651 2495 746 2557 solum
759 2496 942 2556 Antenorem
955 2495 1133 2574 prodidisse.

117 2619 161 2628 -
185 2586 223 2647 ob
246 2585 304 2647 boe
332 2593 432 2646 autem
454 2585 588 2645 creditor
611 2584 732 2645 Graecis
754 2583 888 2645 Antenor
915 2586 1043 2664 patriam
1064 2603 1134 2664 pro-

117 2675 242 2754 didisse,
266 2677 335 2754 quia
358 2677 437 2734 sieut
455 2676 594 2753 superius
613 2673 726 2734 dictum
750 2680 805 2753 est,
828 2682 859 2733 et
881 2679 985 2733 auctor
1008 2673 1133 2734 redden-

118 2764 172 2824 dae
191 2763 319 2826 Helenes
342 2763 399 2824 luit
418 2769 448 2823 et
466 2762 587 2844 legatos,
605 2765 658 2841 qui
678 2771 802 2840 propter
820 2760 963 2822 Helenam
977 2770 1132 2842 uenerant,
1146 2783 1173 2824 ss

118 2855 251 2932 suscepit
273 2853 416 2932 bospitio,
436 2862 466 2912 et
477 2849 582 2912 Vlixen
601 2853 633 2912 in
652 2851 781 2912 mendici
798 2850 903 2912 habitu
921 2852 1054 2929 agnitum
1073 2869 1133 2911 non

116 2941 257 3020 prodidit.

206 3043 266 3110 2²¹⁵.
291 3050 379 3110 Seru.
398 3050 443 3109 ad
466 3048 552 3122 Vera.
571 3047 645 3108 Aen.
661 3048 714 3107 XI
727 3047 793 3107 316
816 3044 898 3106 Vnde
917 3045 1069 3124 sequenda
1088 3052 1133 3105 est

116 3139 218 3216 potius
238 3137 319 3198 Liuii
343 3133 439 3217 [11],
463 3135 605 3196 Sisennae
628 3142 659 3196 et
682 3135 802 3197 Catonis
827 3133 884 3212 [fr.
897 3134 933 3213 8]
962 3135 1133 3197 auctoritas.

116 3225 190 3286 Nam
204 3244 298 3305 paene
317 3243 421 3288 omnes
439 3227 578 3304 antiquae
596 3224 738 3286 historiae
759 3226 922 3303 scriptores
940 3225 973 3284 in
991 3224 1048 3284 boc
1063 3241 1132 3284 con-
1146 3245 1174 3285 eo

117 3317 259 3376 sentiunt.
275 3315 346 3376 Cato
361 3317 440 3376 enim
454 3317 486 3376 in
500 3312 666 3393 originibus
680 3313 762 3394 dicit,
772 3312 917 3374 Troianos
929 3331 947 3372 a
961 3312 1067 3374 Latino
1086 3331 1132 3373 ac·

117 3406 233 3483 cepisse
257 3422 370 3486 agrum,
393 3405 446 3483 qui
468 3411 514 3463 est
532 3405 611 3462 inter
629 3401 812 3464 Laurentum
832 3409 862 3461 et
881 3410 978 3462 eastra
997 3401 1132 3462 Troiana.

207 3506 266 3574 3⁸⁸.
290 3513 365 3572 Nan.
387 3529 411 3571 s.
429 3529 459 3571 a.
483 3512 591 3570 iuxtim
610 3527 641 3586 p.
661 3509 726 3569 127
754 3508 882 3570 Sisenna
904 3506 941 3568 ab
964 3507 1039 3568 urbe
1063 3525 1133 3568 con·

116 3600 192 3662 dita:
215 3599 324 3662 luxtim
346 3599 517 3661 Numicium
540 3597 651 3659 flumen
674 3598 879 3659 obtruncatur.
912 3595 1079 3674 [deusest]

170 3711 258 3760 Prrnn,
272 3710 510 3760 linteaminum.
939 3701 972 3750 lt
