2614 4056
217 221 283 287 366
632 220 825 278 ONESIMVS.

217 371 335 434 fortiter
357 379 467 452 ageret,
486 370 676 432 hortantibus
693 369 953 451 Lugdunensibus,
971 373 1024 451 qui
1042 377 1074 432 et
1091 369 1129 431 ab
1143 371 1240 434 dure-

217 460 296 522 liano
318 464 451 541 grauiter
473 462 594 524 contusi
615 459 805 542 uidebantur,
827 468 858 521 et
879 459 1010 522 Probum
1033 460 1237 524 uehementis-

218 551 292 612 sime
311 549 570 629 pertimescebant,
584 553 615 622 in
629 553 789 630 imperium
808 552 958 612 uocitatus
977 557 1031 624 est,
1049 549 1121 611 ludo
1139 569 1238 629 paene

217 657 251 700 ac
279 641 358 721 ioco,
386 647 420 702 ut
448 639 608 702 Onesimus
635 639 722 720 dicit,
755 639 832 720 quod
863 639 984 719 quidem
1011 639 1090 718 apud
1118 639 1237 701 nullum

217 727 307 790 alium
330 730 499 808 repperisse
521 747 569 789 me
593 729 664 790 seio.
707 747 866 790 namnum
889 730 920 788 in
941 728 1069 808 quodam
1092 729 1264 790 conniui'os

217 815 252 878 ad
276 815 460 879 latrunculos
483 817 638 879 luderetur
656 825 745 898 atque
769 820 834 898 ipse
857 817 958 878 decies
977 819 1140 897 imperator
1159 821 1237 880 exis-

217 914 277 988 set,
301 907 422 986 quidam
444 925 505 968 non
527 907 667 986 ignobilis
691 925 795 968 scurra
814 901 909 967 ‘dne'
933 907 1039 985 inquid
1058 899 1236 986 ‘Auguste'.

216 996 371 1076 adlataque
394 995 460 1058 lana
483 1014 634 1076 purpurea
657 997 770 1057 umeris
798 998 862 1056 eins
885 996 982 1056 iunxit
1009 1014 1138 1076 eumque
1166 997 1237 1058 ado·

120 1119 123 1126 ·
216 1087 308 1147 rauit:
343 1087 433 1147 timor
460 1085 530 1147 inde
558 1088 747 1147 consciorum
775 1091 864 1164 atque
898 1085 968 1145 inde
996 1087 1055 1146 iam
1083 1087 1235 1148 exercitus

216 1177 371 1255 temptatio
395 1183 426 1236 et
448 1177 575 1254 imperii.
1250 1198 1276 1237 ιο

306 1258 340 1326 2.
376 1265 493 1344 Vopisc.
513 1265 587 1327 Bon.
605 1264 656 1339 14,
675 1264 698 1323 3
735 1262 777 1323 lle
799 1263 857 1324 hoc
881 1261 1027 1342 [Bonoso]
1052 1263 1233 1326 Aurelianus

217 1371 304 1433 saepe
335 1352 466 1416 dicebat:
499 1349 580 1414 ‘Non
607 1360 642 1414 ut
670 1353 754 1412 uiuat
782 1361 870 1412 natus
898 1359 945 1413 est
974 1353 1027 1414 sed
1058 1361 1093 1415 ut
1124 1349 1235 1416 bibat'.

216 1461 305 1522 quenr
329 1443 450 1522 quidem
473 1444 525 1504 din
543 1445 575 1502 in
593 1441 707 1502 bonore
730 1440 834 1502 babuit
856 1460 945 1502 causa
964 1442 1094 1503 militiae.
1118 1460 1187 1504 nam
1207 1446 1236 1505 si

216 1532 333 1612 quando
341 1531 634 1611 legatrbafnarornm
643 1530 852 1610 undecumque
860 1532 994 1609 genuum
1003 1533 1236 1614 uenissenqrpsr

214 1621 458 1708 propinabantur,
481 1628 516 1682 ut
539 1639 590 1680 eos
613 1618 776 1680 inebriaret
798 1627 888 1698 atque
916 1618 953 1679 ab
976 1619 1023 1680 bis
1047 1639 1102 1700 per
1124 1623 1232 1683 uinum
1248 1641 1274 1682 ιι

215 1718 323 1772 cuncta
356 1716 558 1790 cognosceret.
603 1711 668 1788 ipse
696 1707 915 1787 quantumlibet
941 1707 1080 1791 bibisset,
1114 1728 1234 1791 semper

215 1818 340 1862 securus
366 1807 397 1862 et
424 1798 542 1860 sobrius
575 1806 618 1879 et,
641 1805 675 1858 ut
698 1796 857 1858 Onesimus
884 1798 970 1880 dicit,
998 1801 1128 1879 scriptor
1151 1803 1234 1862 uitae

214 1888 313 1971 Probi,
336 1888 464 1950 adhuc
456 1905 487 1949 m
511 1889 581 1948 trino
604 1885 789 1967 prudentior

305 1974 339 2041 3.
374 1979 443 2055 ch.
462 1978 533 2038 Car.
551 1974 801 2052 4,20nesimus
819 1979 908 2058 enim,
929 1980 983 2058 qui
1004 1977 1234 2056 diligentissime

214 2071 307 2130 uitam
329 2065 420 2128 Probi
443 2067 578 2146 scripsit,
605 2065 714 2126 Romae
738 2064 821 2126 illum
846 2064 988 2146 [Carum]
1013 2074 1044 2128 et
1068 2075 1172 2128 natum
1201 2076 1234 2129 et
1247 2089 1292 2138 no

213 2157 322 2218 litteris
341 2155 492 2218 eruditum
511 2154 564 2215 sed
577 2153 753 2234 illyricianis
772 2155 946 2235 parentibus
961 2158 1053 2218 luisse
1068 2149 1292 2218 contendit.

303 2239 339 2307 4.
370 2245 485 2321 Vopt'sc.
503 2245 573 2304 θαι.
587 2243 677 2319 1c‚1
702 2243 847 2323 Superest
870 2245 958 2307 nohis
978 2245 1118 2326 Carinus,
1140 2245 1232 2307 bomo

214 2336 347 2394 omnium
379 2333 695 2413 contaminatissimus,
734 2334 863 2415 adulter,
896 2335 1038 2414 frequens
1070 2342 1233 2413 corruptor

213 2423 380 2483 iuuentutis
403 2419 511 2500 (pudet
533 2421 633 2483 dicere
658 2422 736 2501 quod
761 2425 792 2484 in
815 2424 930 2484 litteras
953 2421 1112 2483 Onesimus
1135 2431 1231 2484 rettu-

213 2507 270 2594 lit),
293 2512 358 2589 ipse
381 2528 499 2590 quoque
523 2510 598 2571 male
622 2529 695 2573 usus
718 2514 805 2592 genio
828 2529 917 2573 sexus
940 2512 995 2571 sni.
1245 2534 1275 2575 es

303 2595 336 2660 ὃ.
368 2600 482 2677 Vopisc
501 2601 570 2661 Cur.
588 2601 617 2676 7
630 2602 653 2661 3
688 2600 799 2662 Extant
821 2602 908 2661 etiam
928 2599 1044 2660 litterae
1063 2599 1139 2678 Cari,
1162 2603 1229 2677 qui-

213 2687 270 2750 bus
293 2695 364 2767 aput
387 2688 571 2768 praelectum
599 2709 686 2752 suum
719 2690 755 2750 de
783 2689 882 2750 (larini
909 2688 1043 2748 moribus
1075 2695 1228 2769 queratur,

212 2786 248 2839 ut
270 2785 410 2858 appareat
432 2796 540 2839 uerum
563 2798 639 2861 esse,
662 2779 740 2859 quod
760 2777 918 2868 Onesimus
936 2775 1018 2854 dicit,
1035 2775 1203 2836 habuisse'
1195 2793 1229 2838 ιιι
1291 2819 1292 2848 ι

154 2859 157 2865 ’
213 2869 310 2928 animo
329 2865 446 2949 Carum,
464 2875 499 2929 nt
517 2867 624 2930 Carino
644 2849 858 2928 Caesareanum
877 2864 1067 2942 abrogaret
1058 2866 1227 2969 imperium.

213 2983 255 3007 =
271 2955 323 3035 17,
340 2955 362 3016 6
376 2955 528 3018 Statuerat
541 2956 669 3035 denique
685 2949 813 3033 [Oaros]
829 2952 1044 3035 Constantium,
1058 2956 1110 3033 qui
1123 2961 1227 3034 postea
1242 2982 1271 3022 ιο

213 3045 320 3108 Caesar
343 3053 389 3106 est
411 3046 517 3127 lactus,
540 3053 612 3108 tunc
636 3049 734 3103 autem
757 3042 970 3121 praesidiatum
994 3041 1153 3105 Dalmatiae
1178 3043 1227 3104 ad·
1291 3111 1292 3122 ,

211 3133 408 3216 ministrabat,
430 3137 462 3196 in
486 3133 582 3194 locum
603 3132 668 3192 eius
687 3127 859 3214 subrogare,
879 3133 958 3212 quod
976 3149 1064 3194 nemo
1088 3140 1159 3194 tunc
1178 3135 1227 3194 nir

213 3223 319 3286 melior
342 3223 509 3304 uidebatur,
531 3218 615 3281 illum
638 3237 722 3302 uero,
744 3229 779 3283 ut
797 3219 957 3284 Onesimus
975 3222 1057 3303 dicit,
1080 3221 1226 3284 occidere.
