2620 4054
191 235 259 302 346
531 233 630 290 annu
648 235 741 294 ιιιιιι
760 233 872 292 conor
1288 260 1289 322 ι

57 406 68 427 ⁰
192 385 263 450 talia
285 385 478 465 persequitur
500 385 530 446 in
555 385 618 446 suis
642 383 859 464 uoluminibus,
883 386 974 449 luisse
998 385 1084 468 dicit,
1114 394 1144 448 et
1171 389 1210 450 ita

194 472 315 555 quidem
339 480 373 535 ut
394 491 552 553 pomorum
575 480 691 535 tantum
714 473 861 555 hauserit,
891 481 1036 554 quantum
1058 478 1135 537 ratio
1158 475 1208 538 hu·

193 581 279 625 mana
303 565 502 642 conpatitur.
539 581 607 624 nam
627 572 657 624 et
676 564 854 642 quingentas
874 565 948 626 licus
963 566 1119 642 passarias,
1138 583 1210 646 quas
1289 554 1290 582 ³

193 652 300 714 Graeci
313 651 524 714 callistruthias
538 660 656 732 uocant,
674 653 809 712 ieiunum
823 653 988 716 comedisse
997 654 1077 715 'dicit
1093 663 1126 714 et
1143 673 1208 716 een·

193 749 258 802 tum
282 743 397 821 persica
420 739 567 820 Campana
590 748 622 802 et
640 740 772 802 melones
791 740 946 804 Ostienses
965 741 1070 804 decem
1090 750 1122 804 et
1140 761 1236 807 uua-s

194 849 261 892 mm
292 829 504 892 Labicanarum
538 830 637 910 ponde
670 831 778 910 uiginti
805 837 835 891 et
862 830 1004 892 ficedulas
1032 839 1153 894 centum
1180 840 1210 896 et
1290 846 1291 910 ι

193 926 293 981 ιιιιιι
316 919 540 999 quadringenta.
586 918 654 980 Vini
672 936 743 982 sane
761 935 887 996 parcum
905 918 998 982 ιιιιιι
1018 919 1102 1002 dicit,
1130 920 1209 1000 quod
1290 923 1291 934 ¹

194 1008 327 1070 Seuerus
349 1016 445 1089 negat.
468 1003 524 1086 (fr
545 1008 567 1068 6
577 1027 608 1085 p.
630 1000 723 1089 330.)

131 1104 184 1154 996
283 1100 318 1168 4.
342 1107 428 1168 Max.
447 1105 497 1180 12,
516 1106 538 1165 5
569 1104 652 1168 Victa
671 1106 764 1192 igitur
782 1103 940 1167 Germania
957 1104 1073 1167 litteras
1095 1106 1210 1185 [Maxi

132 1193 184 1246 999
194 1213 294 1257 manus
316 1194 429 1273 maior]
458 1195 582 1256 Romam
610 1194 648 1256 ad
676 1201 813 1254 senatum
841 1202 871 1256 et
898 1193 935 1255 ad
962 1194 1108 1275 populum
1129 1197 1211 1258 misit
1225 1218 1252 1259 ιι

193 1303 226 1346 ιι
249 1285 379 1346 dictante
403 1286 599 1365 conscriptas,
621 1299 747 1362 quarum
772 1285 920 1344 sententia
941 1283 1017 1345 haec
1041 1287 1109 1346 init:
1134 1280 1210 1346 Non

194 1391 354 1453 pessumus
369 1380 494 1454 tantum,
508 1382 611 1452 patres
625 1371 797 1451 conscripti,
812 1370 894 1452 loqui
913 1380 1059 1451 quantum
1077 1373 1211 1435 fecimus.
1292 1447 1293 1452 γ

193 1481 249 1542 per
272 1463 467 1542 quadraginta
485 1466 536 1524 uel
553 1461 767 1541 quinquaginta
785 1460 865 1522 milia
884 1461 1100 1523 Germanorum
1127 1464 1212 1524 nicos

194 1551 396 1632 incendimus,
423 1568 529 1631 greges
552 1549 745 1629 obduximus,
768 1552 904 1655 captiuos
928 1550 1140 1656 abstraximus,
1164 1570 1210 1613 ιι·
1292 1567 1293 1572 ’

195 1648 290 1702 matos
318 1640 531 1744 occidimus,
522 1657 555 1700 ιι
578 1637 685 1718 palude
712 1641 921 1718 pugnauimus.
967 1642 1211 1719 peruenissemus
1227 1661 1293 1704 ιι

194 1729 231 1790 ad
255 1730 355 1811 siluas,
378 1730 437 1789 nisi
459 1727 584 1789 altitudo
607 1726 760 1806 paludium
789 1747 844 1790 nos
866 1729 995 1791 transire
1019 1746 1080 1790 non
1102 1731 1212 1810 permi-
1293 1737 1294 1764 ¹

195 1814 306 1880 sisset'
351 1816 452 1878 delius
481 1815 597 1877 Cordus
624 1817 698 1877 dicit
729 1815 805 1880 hane
830 1819 951 1879 omnino
978 1819 1075 1896 ipsius
1102 1821 1211 1880 oratio·

194 1926 264 1970 nem
287 1908 392 1969 fuisse:
415 1905 558 1966 credibile
581 1913 635 1969 ιιι.

132 2004 184 2056 999
284 2001 544 2082 5.Gord.14,d
584 2002 719 2084 lienique
744 2002 948 2082 [Maximinus
974 2009 1079 2068 senior
1106 2007 1214 2068 cudite

132 2094 184 2145 991
198 2097 425 2158 Gordianorum
444 2091 584 2172 imperio]
600 2095 701 2154 statim
723 2093 764 2154 ad
778 2093 873 2154 filium
895 2096 1026 2176 scripsit,
1049 2096 1102 2175 qui
1124 2094 1214 2174 longe
1229 2117 1257 2158 ao

194 2191 264 2265 post
291 2180 486 2264 sequebatur,
514 2190 548 2243 ut
574 2181 770 2264 adceleraret,
797 2182 932 2262 nequid
959 2193 1063 2248 eontra
1086 2201 1156 2245 eum
1180 2202 1215 2246 se

196 2275 318 2334 absente
351 2270 461 2331 milites
497 2273 672 2349 cogitarent.
732 2272 913 2333 Litterarum
950 2271 1118 2350 exemplum
1153 2271 1214 2334 tale

195 2362 299 2424 lunius
323 2359 438 2421 Gordus
462 2359 570 2423 edidit:
605 2356 725 2424 ‘lielert
752 2359 790 2422 ad
817 2368 847 2421 ιι
875 2362 1000 2438 stipator
1027 2377 1112 2420 meus
1135 2358 1214 2439 'lyn-

196 2449 321 2512 chanius
340 2465 416 2526 quae
435 2456 518 2529 gesta
538 2452 667 2530 cognoui
680 2449 729 2512 uel
747 2451 779 2509 in
792 2448 892 2510 Africa
906 2447 956 2507 uel
969 2446 1089 2528 Romae,
1108 2448 1213 2528 refert,

197 2557 273 2619 quae
297 2539 357 2599 sint
379 2538 507 2606 militum
530 2547 654 2602 mentes.
696 2554 821 2618 quaeso,
849 2542 992 2613 quantum
1015 2543 1115 2617 potes,
1141 2555 1213 2615 pro·
1229 2560 1259 2601 ιι

195 2645 294 2708 peres,
317 2644 354 2687 ne
378 2627 459 2709 quid,
482 2636 516 2690 ut
539 2628 624 2708 solet,
646 2625 783 2688 militaris
807 2621 895 2684 turba
912 2622 981 2701 plus
1004 2623 1100 2686 iaciat
1138 2625 1213 2704 quid

196 2733 312 2796 uerear,
335 2734 372 2777 ex
395 2734 430 2778 eo
454 2717 558 2788 audies
581 2719 670 2795 quem
692 2713 729 2775 od
753 2720 783 2773 te
805 2705 893 2772 misi’

133 2813 187 2866 999
286 2809 319 2877 6.
333 2807 1215 2889 Maxim.31,1blortisomina[Maximino]haeeiuerunt

133 2901 185 2956 991
196 2904 331 2965 uenienti
353 2911 457 2965 contra
475 2902 635 2963 Maximum
657 2907 689 2962 ιι
707 2897 864 2961 balbinum
882 2897 1040 2962 Maximino
1063 2919 1133 2962 cum
1151 2899 1215 2962 lilio

196 2992 305 3054 mulier
323 2992 467 3073 quaedam
485 2990 582 3068 passis
604 2987 739 3050 crinibus
764 2990 899 3051 occurrit
920 2988 1042 3069 lugubri
1059 2989 1162 3052 babitu
1184 2995 1217 3052 ιι
1231 3012 1262 3053 ιι

196 3081 386 3145 exclamauit:
410 3075 581 3158 Maximini,
595 3073 768 3160 Maximini’,
790 3095 888 3159 neque
907 3079 1067 3159 quicquam
1086 3078 1216 3159 amplius

197 3171 272 3234 dixit
294 3177 325 3232 et
347 3175 464 3229 mortua
486 3175 541 3228 est.
579 3165 738 3230 uidebatur
752 3170 833 3230 enim
851 3167 953 3230 dicere
971 3167 1103 3230 uoluisse
1128 3163 1217 3229 ‘Suo-

197 3252 331 3322 currite’.
377 3273 466 3318 canes
489 3257 570 3318 circa
592 3259 756 3319 tentorium
774 3259 840 3319 eins
857 3258 890 3319 in
909 3255 1040 3319 secunda
1058 3258 1217 3318 mansione

198 3349 278 3412 ultra
292 3345 449 3408 duodecim
464 3344 617 3407 ulularunt
635 3354 666 3407 et
684 3347 812 3408 animam
827 3347 913 3426 quasi
930 3344 1029 3406 ilendo
1047 3353 1218 3426 posuerunt

198 3457 232 3499 ae
251 3437 347 3515 prima
365 3433 431 3497 luce
450 3436 563 3496 mortni
581 3443 651 3496 sunt
670 3434 858 3515 deprehensi.
895 3433 959 3514 lupi
975 3431 1108 3514 [urbem]
1128 3436 1217 3514 quin·
1233 3455 1263 3498 ιι

197 3525 281 3603 genti
304 3523 392 3586 simul
413 3525 544 3602 ingressi
566 3533 637 3586 sunt
658 3527 690 3586 in
714 3541 779 3586 eam
798 3523 912 3604 urbem,
935 3525 967 3584 in
986 3541 1043 3603 qua
1067 3542 1099 3584 se
1122 3521 1217 3584 blaxi-

197 3614 298 3673 minus
324 3611 504 3695 contulerat3
536 3612 672 3694 plerique
701 3613 806 3678 dieunt
833 3611 1009 3695 Hemonam,
1037 3611 1087 3673 alii
1109 3610 1217 3674 Archi-
