2620 4054
195 259 261 325 342
284 261 416 317 AVREL.
430 260 629 317 PHILIPPVS.
649 261 686 314 M.
702 257 839 317 ANTON.
859 259 1072 316 (toeniensis
1091 259 1207 317 Annio.

314 437 429 494 vrrnn
448 437 665 495 mansuetu
684 438 817 496 snvnsr
834 420 1096 496 FRAGMENTVM

287 548 341 616 1³².
378 555 534 632 lamprid.
562 554 648 616 Alex.
675 554 730 630 37,
755 553 779 615 3
823 552 900 615 Vsus
924 555 1057 616 conuiuii
1084 547 1209 616 diurnus

196 641 397 722 [Alexandri]
420 642 470 704 hic
494 644 561 705 init:
586 645 650 705 uini
668 643 705 705 ad
728 651 824 705 totum
843 642 922 705 diem
941 645 1062 704 sextarii
1081 645 1209 724 triginta,

193 735 280 813 panis
299 732 402 794 mundi
424 731 523 814 pondo
547 732 681 814 triginta,
704 735 790 812 panis
814 733 967 812 sequentis
984 731 1022 793 ad
1041 732 1209 795 donandum

73 841 79 856 ·
193 821 293 902 pondo
318 823 540 902 quinquaginta.
577 840 646 883 nam
673 840 792 901 semper
815 821 851 883 de
875 839 964 883 mann
987 840 1042 883 sua
1065 823 1209 884 ministris

195 912 329 972 conuiuii
352 917 382 971 et
404 918 520 990 partem
548 917 578 972 et
600 918 701 992 partes
724 917 776 972 ant
802 910 939 972 holerum
962 917 1014 973 aut
1037 912 1136 972 carnis
1159 917 1235 972 auos

194 998 378 1080 leguminum
397 999 494 1080 dabat,
514 1000 601 1061 senili
618 1018 744 1080 prorsus
764 1001 932 1062 maturitate
951 1000 1208 1079 patremfamilias

194 1107 293 1169 agens.
331 1096 417 1150 erant
444 1089 564 1150 decreta
592 1096 622 1151 et
654 1091 752 1151 carnis
785 1089 922 1150 diuersae
949 1089 1048 1170 pondo
1079 1091 1209 1170 triginta,

193 1185 279 1240 erant
302 1185 333 1239 et
359 1177 514 1258 gallinacei
535 1179 604 1240 duo.
640 1177 837 1240 adhibebatur
864 1196 952 1240 anser
982 1173 1088 1240 diebus
1116 1179 1207 1259 iestis,
1292 1215 1293 1266 ,

192 1265 327 1329 kalendis
350 1274 450 1329 autem
473 1266 618 1329 Ianuariis
641 1275 671 1329 et
694 1266 815 1329 Hilariis
838 1270 942 1330 matris
966 1268 1055 1330 deum
1077 1275 1108 1329 et
1131 1267 1208 1329 ludis

191 1356 466 1436 Apollinaribus‘et
489 1356 569 1417 Iouis
593 1356 680 1437 epulo
705 1364 736 1418 et
754 1356 961 1419 Saturnalibus
985 1364 1016 1419 et
1037 1357 1208 1419 huiusmodi
1223 1371 1250 1411 ιο

191 1446 277 1507 festis
300 1445 406 1508 diebus
430 1446 569 1527 fasianus,
587 1447 628 1506 ita
653 1452 686 1507 ut
708 1446 866 1526 aliquando
882 1454 921 1508 -et
944 1447 1002 1508 duo
1026 1454 1209 1526 ponerentur

192 1534 301 1596 additis
322 1534 494 1613 gallinaceis
517 1532 643 1597 dnobus.
676 1534 809 1615 leporem
833 1537 954 1600 cottidie
978 1535 1095 1615 habuit,
1119 1553 1208 1596 uena·
1292 1567 1293 1586 2

191 1625 303 1685 tionem
326 1624 527 1705 frequentem,
560 1623 613 1684 sed
641 1631 706 1686 eam
733 1644 802 1687 cnm
828 1626 932 1688 amicis
955 1623 1107 1687 diuidebat
1130 1631 1159 1684 et
1172 1627 1209 1691 ‚is

190 1715 317 1774 maxime
346 1731 422 1794 quos
453 1711 567 1774 sciebat
593 1731 648 1791 per
676 1731 708 1775 se
736 1733 797 1776 non
824 1715 942 1776 babere.
978 1731 1035 1774 nec
1063 1712 1207 1775 diuitibus

192 1804 351 1882 quicquam
374 1802 478 1864 talium
506 1819 664 1864 munerum
690 1805 773 1867 misit
803 1803 854 1866 sed
883 1804 920 1864 ab
948 1801 994 1864 bis
1018 1820 1137 1884 semper
1161 1813 1249 1864 ac-15
1292 1843 1293 1850 κ

191 1893 278 1971 cepit.
302 1891 407 1953 habuit
424 1891 546 1952 cottidie
564 1892 656 1953 amuli
674 1895 738 1955 sine
762 1895 865 1973 pipere
889 1893 1035 1954 sextarios
1059 1899 1207 1973 quattuor,

192 1981 256 2041 sine
279 1983 384 2061 pipere
406 1980 479 2061 dno,
502 1987 546 2061 et,
569 1998 607 2041 ne
630 1980 752 2062 longum
776 1986 815 2044 sit
838 1983 937 2044 omnia
959 1983 1108 2061 inserere,
1132 1999 1208 2061 quae

191 2067 339 2149 Gargilius
363 2071 428 2130 eins
447 2070 590 2148 temporis
609 2074 740 2152 scriptor
759 2069 931 2150 singillatim
954 2078 1133 2150 persecutns
1152 2077 1208 2152 est,

190 2159 288 2220 omnia
312 2167 343 2219 et
365 2157 402 2219 ad
424 2158 546 2220 modum
569 2166 600 2220 et
622 2160 659 2222 ad
682 2162 828 2222 rationem
850 2160 894 2222 illi
918 2167 988 2222 sunt
1009 2159 1153 2239 praebita.

415 2356 673 2446 tinnulis
705 2357 982 2444 PHILIPPVS

569 2507 827 2564 rnsrrnoruvn

156 2610 189 2680 l.
212 2621 335 2698 Lampe.
358 2621 445 2684 Alex.
464 2624 494 2698 3,
516 2621 539 2683 2
570 2622 604 2683 ln
626 2623 722 2700 prima
744 2621 873 2699 pueritia
896 2619 1079 2682 litteratores
1101 2619 1207 2684 babuit
1222 2631 1252 2673 ²⁰
1292 2665 1293 2680 t

192 2708 384 2787 [Alexander
402 2709 549 2788 Seuerus]
573 2709 722 2771 Valerium
742 2707 872 2769 Cordum
895 2715 925 2770 et
944 2707 977 2770 T.
997 2708 1152 2773 Veturium
1175 2717 1207 2770 et

188 2797 345 2860 Aurelium
358 2789 536 2880 Philippum,
554 2797 696 2858 libertum
714 2799 817 2877 patris,
836 2799 888 2877 qni
907 2799 1002 2863 uitam·
1018 2801 1083 2860 eius
1102 2804 1206 2879 posteo

189 2889 222 2948 in
244 2887 358 2949 litteras
381 2889 477 2950 misit:

188 3083 537 3174 mannonis
570 3085 872 3176 GORDIANVS
908 3085 1293 3174 ennicariis

455 3234 603 3305 (seniora
623 3241 683 3293 238.
703 3241 754 3293 991
774 3237 938 3310 imperator)

411 3349 637 3408 TESTIMONIA
654 3352 703 3408 DE
722 3352 806 3410 nlvs
826 3350 985 3409 sceleris

154 3455 188 3525 l.
216 3465 311 3540 Capit.
293 3465 431 3527 tGord
454 3467 484 3548 3,
507 3466 528 3527 2
564 3465 747 3528 Adulescens
775 3484 844 3528 cum
871 3473 951 3527 esset
973 3464 1139 3527 Gordianus
1162 3497 1209 3510 -
1292 3481 1293 3526 1

188 3559 325 3634 poemata
349 3555 478 3638 scripsit,
498 3574 573 3636 qnae
592 3556 690 3616 omnia
709 3562 818 3636 extem,
837 3562 867 3618 et
891 3554 1012 3635 quidem
1030 3561 1139 3619 concta
1156 3552 1208 3616 illa
1223 3571 1293 3615 na

191 3658 266 3720 quae
295 3640 412 3725 Cicero,
439 3643 471 3705 id
498 3652 545 3706 est
572 3643 699 3706 Marium
728 3651 758 3706 et
779 3644 904 3706 Aratum
931 3651 962 3707 et
983 3641 1148 3724 Halcyonas
1176 3650 1210 3708 et
1291 3601 1293 3752 4
