2638 4056
403 219 505 276 unsr.
520 224 598 277 1-a.
617 220 752 277 nuncu.
768 225 847 276 1-o.
1067 219 1132 285 249

210 363 243 431 2.
269 371 341 432 dell.
363 370 410 433 VI
422 369 487 440 1,2
508 369 583 431 Nam
602 379 633 432 et
651 370 682 432 G.
702 369 818 451 Oppius
840 377 870 431 et
887 369 981 431 lulius
999 368 1133 450 Hyginus

119 457 178 536 [fr.
193 456 230 536 4]
253 459 373 539 mique,
396 461 449 539 qui
471 459 507 520 de
530 461 594 521 uita
616 469 647 520 ot
668 459 761 522 rebus
782 459 915 520 Africani
937 460 1133 539 scripserunt,

117 555 245 610 matrem
268 550 332 610 eius
357 547 532 627 [Africani]
557 549 610 610 diu
628 549 760 611 sterilem
783 551 980 612 existimatam
1002 547 1133 628 tradunt,

117 635 149 698 P.
169 655 288 718 quoquc
308 637 487 718 Scipionem,
510 656 580 700 cum
603 655 663 718 quo
685 646 779 718 nupta
802 646 875 719 erat,
897 637 1010 700 liberos
1027 639 1133 716 despe-

12 805 13 808 ,
118 728 243 788 rauisse.
279 724 385 788 Postea
407 729 442 788 in
463 725 601 788 cubiculo
625 735 714 806 atque
737 726 869 788 inlecto
893 726 1041 809 mulieris,
1064 737 1161 788 cums

12 3467 14 3488 s
118 3399 233 3481 ἕῐαΐρος
260 3395 473 3481 ἀπανθρώπως
500 3399 575 3481 φησλ
603 3401 652 3463 καὶ
679 3402 799 3485 Κοΐντῳ
829 3395 997 3486 Οὐαλλερίῳ
1023 3395 1130 3484 χρήσα-

118 814 241 877 absente
263 818 370 878 marito
398 809 512 878 cubans
540 815 602 877 sola
630 816 860 897 condormisset,
883 815 983 876 uisum
1010 825 1134 896 repente

118 923 184 965 esse
208 907 290 966 iuxta
313 923 377 966 eam
402 904 511 966 cubare
534 907 686 985 ingentem
709 923 835 984 anguem
860 923 988 985 eumque
1010 899 1058 966 his
1083 906 1135 985 qui

116 993 257 1055 uiderant
271 997 385 1055 territis
401 1002 430 1056 et
444 993 640 1056 clamantibus
654 993 787 1073 elapsum
802 995 933 1054 inueniri
947 1009 1008 1056 non
1022 997 1132 1074 quisse.

115 1081 270 1163 idipsum
292 1079 324 1144 P.
349 1081 519 1162 Scipionem
542 1081 579 1144 ad
607 1085 760 1163 aruspices
783 1081 936 1163 retulisse,
965 1098 1016 1144 eos
1044 1083 1134 1143 sacri-

117 1172 186 1232 ficio
209 1172 287 1233 lacto
315 1172 519 1253 respondisse,
543 1173 607 1234 lore
635 1180 669 1234 ut
695 1171 783 1233 liberi
805 1174 1012 1252 gignerentur,
1036 1188 1133 1251 neque
1147 1183 1174 1224 1⁰

116 1258 220 1321 multis
252 1261 358 1322 diebus
389 1269 547 1341 postquam
579 1261 630 1322 ille
661 1263 767 1341 anguis
799 1263 831 1322 in
861 1261 938 1322 lecto
965 1263 1050 1322 uisus
1079 1268 1133 1341 est,

117 1348 276 1411 mulierem
298 1349 434 1430 coepisse
456 1351 595 1430 concepti
613 1351 699 1412 letus
711 1352 796 1429 signa
814 1359 903 1430 atque
923 1367 1045 1411 sensum
1062 1351 1133 1429 pati.

117 1438 228 1499 exinde
252 1455 357 1500 mense
383 1439 501 1500 decimo
526 1441 681 1520 peperisse
707 1448 872 1519 natumque
899 1455 965 1500 esse
992 1439 1073 1500 hunc
1100 1437 1133 1500 P.

116 1528 305 1610 Africanum,
332 1531 384 1608 qui
406 1527 602 1590 Hannibalem
629 1536 662 1590 et
687 1528 947 1608 Carthaginienses
975 1530 1007 1589 in
1033 1527 1134 1589 Africa

117 1615 196 1677 bello
219 1615 349 1679 Poenico
371 1618 504 1679 secundo
526 1619 609 1680 uicit.
647 1617 705 1679 Sed
729 1627 851 1679 etcum
874 1617 1017 1696 inpendio
1038 1618 1133 1696 magis
1147 1625 1174 1668 1⁵

117 1724 154 1766 ex
177 1705 269 1766 rebus
292 1708 398 1786 gestis,
422 1725 510 1786 quam
534 1725 571 1768 cx
593 1707 643 1768 illo
664 1715 781 1769 ostento
805 1709 905 1768 uirum
927 1725 993 1768 esse
1011 1707 1134 1772 uirtutis

116 1793 235 1856 diuinae
257 1794 407 1856 creditum
430 1803 484 1856 est.

208 1877 242 1946 t.
265 1882 299 1943 ld
322 1885 411 1944 etiam
435 1883 535 1944 dicere
557 1883 630 1946 haut
652 1886 747 1964 piget,
771 1884 849 1964 quod
877 1884 956 1945 idem
979 1883 1035 1964 illi,
1059 1902 1134 1963 quos

118 1989 209 2051 supra
228 1973 392 2052 nominaui,
408 1970 517 2033 litteris
534 1971 751 2053 mandauerint,
770 1972 940 2050 Scipionem
958 1971 1039 2033 hunc
1057 1971 1133 2032 Atri-

117 2078 226 2122 canum
245 2060 414 2122 solitauisse
433 2062 530 2122 noctis
549 2069 690 2142 extremo,
709 2063 884 2141 priusquam
902 2059 1088 2140 dilucularet,
1102 2063 1134 2121 in
1147 2071 1174 2110 λθ

105 2149 297 2229 ‘Capitolium
319 2151 467 2211 uentitare
492 2168 525 2211 ac
548 2148 653 2210 iubere
677 2151 788 2230 aperiri
811 2148 913 2210 cellam
937 2148 1018 2210 lonis
1045 2156 1134 2228 atque

117 2237 161 2299 ihi
185 2238 281 2300 solum
305 2239 357 2299 diu
380 2238 537 2319 demorari,
561 2241 647 2318 quasi
665 2237 882 2300 consultantem
906 2238 942 2298 de
965 2255 999 2298 re
1017 2256 1046 2316 p.
1066 2256 1134 2299 cum

117 2325 198 2408 lone,
221 2327 447 2407 aeditumosque
467 2329 532 2388 eius
550 2327 654 2407 templi
673 2345 761 2406 saepo
780 2345 846 2388 esse
866 2327 1035 2408 demiratus,
1055 2325 1135 2406 quod

119 2415 215 2477 solum
229 2416 260 2477 id
275 2419 419 2496 temporis
433 2418 465 2477 in
479 2415 657 2496 Capitolium
671 2415 888 2496 ingredientem
909 2434 997 2477 canes
1016 2433 1135 2496 semper

117 2506 151 2565 in
173 2505 247 2566 alios
266 2507 434 2568 saeuientes
453 2523 550 2585 neque
568 2504 712 2568 latrarent
730 2524 800 2567 eum
818 2523 915 2585 neque
935 2507 1133 2570 incurrerent.
1148 2512 1176 2554 2⁵

117 2586 179 2655 Has
202 2591 284 2674 uolgi
306 2594 342 2655 de
367 2590 507 2674 Scipione
531 2596 686 2674 opiniones
716 2595 893 2655 confirmare
917 2601 1006 2673 atque
1029 2611 1135 2674 appro-

117 2677 191 2744 bare
212 2677 394 2744 uidebantur
417 2683 497 2745 dicta
520 2683 656 2763 iactaque
680 2685 745 2744 eius
767 2682 910 2762 pleraque
933 2681 1113 2772 admiranda.

340 2827 390 2890 DE
408 2829 498 2891 VITA
517 2829 632 2891 cason
649 2831 910 2891 FRAGMENTVM

141 3037 149 3053 .
206 2941 243 3100 ἓ.
270 2945 388 3012 Charis
408 2948 430 3011 I
443 2947 511 3012 117
546 2943 656 3032 Vulgu,
685 2949 724 3012 ab
753 2949 811 3012 hoc
839 2946 932 3028 uulgu
956 2947 1070 3029 Oppius
1098 2946 1134 3008 de

118 3046 182 3100 urta
228 3039 307 3099 assii.

241 3192 247 3204 '
348 3186 460 3246 VITAE
479 3189 655 3248 CAESARIS
674 3189 905 3248 FRAGMENTA

210 3298 269 3365 5²¹³.
294 3305 373 3365 Prot.
397 3305 500 3382 Pomp.
518 3305 563 3365 10
598 3300 689 3379 Γάιος
722 3303 755 3366 δὲ
773 3300 902 3379 Ὄππιος
934 3298 950 3368 ὁ
982 3306 1155 3483 Καίσαρος(
1164 3331 1197 3382 31
1207 3313 1240 3480 ἲ)

117 3504 191 3561 σθαι
212 3494 265 3561 τὸν
286 3490 458 3577 Πομπήιον.
496 3493 689 3579 ἐπιστάμενον
717 3493 791 3581 γὰρ,
818 3493 858 3573 ὥς
885 3497 944 3561 ἔστι
976 3495 1133 3583 φιλολόγος
1156 3422 1206 3471 ⁶⁷3

117 3591 195 3678 ανὴρ
217 3593 269 3658 καλ
287 3591 459 3676 φιλομαθὴς
478 3595 511 3659 ἒν
529 3591 672 3680 dttpocgi
694 3591 881 3676 Οὐαλλέριος,
901 3591 941 3672 ὡς
958 3593 1040 3679 ἤχθη
1059 3593 1132 3678 πρὸς
