2614 4056
359 228 571 286 munatius
609 227 856 286 ntuouncflvs.
1052 227 1116 292 361

104 379 262 441 candidum
290 379 343 440 sed
375 377 611 460 purpurantibus
638 377 776 458 maculis,
808 379 849 439 ita
875 384 910 439 ut
935 374 1094 439 haberet
1086 393 1118 436 ιιι

103 467 195 530 latere
218 484 279 530 uno
304 463 374 530 aue
398 463 584 549 imperator',
603 469 634 528 in
658 465 714 527 alio
733 483 881 528 coronam
905 453 996 526 llulta
1016 481 1118 544 super-

103 555 194 618 ilua
185 575 216 618 ru
241 557 345 618 eodem
367 556 475 636 legisse
494 558 625 637 memini,
643 558 753 636 quippe
773 557 826 636 qui
844 555 1011 617 adaeruerit
1030 555 1119 616 etiam

103 663 187 708 rosas
219 647 251 707 in
283 646 416 708 eiusdem
443 645 577 708 mulieris
607 645 710 707 chorte
738 651 808 708 nato
836 643 993 706 Aureliano
1022 644 1118 704 exisse

104 751 280 817 purpmeas,
304 735 404 796 odoris
427 736 516 816 rosei,
539 733 622 796 lloris
646 735 737 796 aurai.
1133 753 1148 795 s

469 932 765 1024 rflaounlis·

309 1081 563 1140 rasuruoruvu
583 1082 631 1138 ur
650 1079 910 1138 snaeuuurvu
967 1147 970 1154 ‚

197 1190 229 1258 l.
247 1197 316 1274 ch.
325 1198 401 1258 Aur.
414 1197 444 1272 6,
454 1198 475 1256 3
484 1195 599 1256 Priuati
612 1193 702 1256 huius
713 1191 901 1274 [Aurelium]
918 1193 1009 1256 multa
1020 1199 1121 1254 extant

107 1287 226 1364 egregia
245 1285 384 1366 facinora,
403 1303 471 1346 nam
490 1292 682 1363 erumpentes
701 1283 850 1344 Sarmatas
868 1285 898 1344 in
915 1281 1032 1363 illyrico
1052 1301 1120 1343 oum

106 1375 250 1435 trecentis
281 1374 483 1454 praesidiariis
516 1373 597 1437 solus
634 1373 765 1434 adtriuit.
815 1371 919 1433 Refert
953 1370 1121 1451 Theoclius,

107 1463 358 1525 Caesareanorum
381 1472 550 1542 temporum
574 1464 716 1542 scriptor,
739 1460 930 1522 Aurelianum
954 1478 1043 1522 manu
1067 1477 1121 1521 sua

106 1551 183 1613 bello
208 1551 371 1614 Sarmatico
396 1569 454 1613 uua
477 1551 525 1612 die
553 1551 747 1632 quadraginta
773 1557 804 1611 et
831 1557 897 1611 octo
925 1549 1162 1630 interiecisse,1o

105 1640 243 1722 plurimis
271 1649 370 1703 autem
398 1649 428 1704 et
455 1640 584 1704 diuersis
607 1639 713 1702 diebus
740 1639 819 1700 ultra
846 1647 1012 1718 nongentos
1036 1640 1121 1718 quin·

106 1731 256 1809 quaginta,
278 1730 351 1791 adeo
375 1738 409 1792 ut
432 1731 521 1791 etiam
544 1728 672 1791 ballistia
695 1730 783 1808 pueri
801 1737 831 1790 et
850 1727 1073 1790 saltatiunculas
1090 1727 1122 1787 in

105 1817 296 1882 Aurelianum
325 1818 398 1880 tales
427 1827 652 1898 componerent,
677 1816 786 1898 quibus
809 1816 915 1878 diebus
939 1817 1024 1879 iestis
1047 1815 1122 1878 mili·

105 1907 209 1968 tariter
232 1905 410 1968 saltitareut:

194 1993 273 2056 Mille
297 1994 376 2056 mille
399 1994 480 2057 mille
504 1993 724 2056 decollauimus.
1136 2013 1163 2054 ιι

193 2089 273 2146 unus
296 2081 398 2145 homol
421 2084 500 2145 mille
524 2081 744 2144 decollauinrus.

196 2171 276 2233 mille
299 2173 383 2234 uiuat
407 2174 459 2253 qui
481 2171 561 2234 mille
585 2171 701 2233 occiriit.

195 2268 311 2323 tantum
335 2261 399 2323 uini
421 2279 509 2323 nemo
531 2259 621 2322 habet
644 2268 788 2340 quantum
811 2260 888 2322 ludit
912 2261 1072 2339 sanguinis.

106 2349 186 2411 llaec
205 2351 294 2412 uideo
313 2369 378 2412 csse
398 2349 559 2430 peririuola
583 2350 634 2412 seri
662 2350 730 2429 quia
755 2351 997 2430 suprascriptus
1018 2355 1123 2410 auctor

106 2440 147 2500 ita
166 2440 269 2502 eadem
283 2448 317 2503 ut
331 2449 401 2504 sunt
415 2438 527 2520 Latina,
547 2441 609 2502 suis
629 2441 749 2518 scriptis
763 2441 900 2518 inseruit,
914 2438 1037 2501 tacenda
1057 2456 1122 2500 esse
1137 2457 1164 2499 ro

107 2545 166 2588 non
182 2528 304 2590 credidi.
323 2529 402 2592 idem
417 2528 494 2609 apuri
505 2527 724 2607 Mogontiacum
734 2526 873 2590 tribunus
888 2527 1013 2608 legionis
1023 2535 1123 2588 sextae

107 2613 272 2677 Gallicanae
296 2617 427 2678 Francos
449 2619 618 2697 inruentes,
647 2635 715 2677 cum
742 2624 924 2696 uagarentur
946 2635 1002 2696 per
1030 2624 1124 2677 totam

107 2702 238 2786 Galliam,
258 2706 301 2765 sic
320 2704 441 2786 adllixit,
460 2712 494 2766 ut
512 2713 663 2766 trecentos
681 2724 717 2766 ex
735 2703 783 2766 his
802 2713 904 2784 captos
927 2705 1124 2783 septingentis
1189 2759 1194 2768 .

107 2795 295 2872 interemptis
315 2793 370 2856 sub
390 2811 499 2856 corona
518 2793 696 2856 uendiderit
720 2794 798 2856 unde
818 2795 927 2855 iterum
942 2793 979 2855 rie
998 2811 1033 2854 eo
1048 2793 1124 2853 lacta

108 2889 153 2942 est
176 2881 336 2944 cantilena:
1137 2899 1165 2941 ro

197 2971 276 3032 llillo
288 2971 446 3054 Sarmatas,
456 2970 535 3032 mille
549 2970 682 3032 Francos
697 2969 789 3031 semel
803 2978 833 3031 et
847 2968 939 3032 semel
953 2970 1125 3051 occidimus,

222 3060 322 3124 ⁴millo
345 3060 452 3124 Persas
477 3063 657 3141 qrraerlmus.

446 3250 784 3338 NIOOMAOHVS

485 3396 744 3455 FRAGMENTVM

199 3505 231 3574 l.
254 3513 324 3591 ch.
338 3513 416 3574 Aur.
430 3513 485 3590 27,
498 3514 520 3574 2
544 3508 687 3574 ‘Zenobia
706 3513 809 3591 regina
828 3513 952 3574 orientis
966 3510 1205 3591 Aureliano—
1144 3513 1196 3564 tta

107 3600 251 3682 Augusto.
275 3600 367 3664 Nemo
387 3601 483 3664 adhuc
507 3610 677 3681 praetorto
701 3599 758 3662 hoc
782 3601 860 3682 quorl
884 3602 993 3682 poscis,
1016 3581 1205 3663 litterum—ar
