2638 4056
172 231 239 300 214
495 226 526 284 T.
545 223 724 284 POMPONII
741 221 864 281 armet

171 381 349 464 Epistolam,
376 378 505 441 Lucceio
533 393 613 437 nunc
642 393 731 456 quam
757 375 839 455 misi,
872 391 942 455 qua,
969 391 1051 435 meas
1079 389 1129 434 res
1157 378 1190 432 ut

172 471 294 551 scribat,
307 486 390 549 rogo,
404 467 450 529 iac
473 474 508 528 ut
526 464 562 528 ab
582 483 618 527 eo
637 482 737 528 sumas
757 457 858 548 (ualde
876 461 953 525 bella
973 456 1034 547 est)
1053 479 1189 541 cumque,

172 568 207 624 ut
229 565 421 640 approperet,
449 555 616 618 adhorteris
639 562 683 635 et,
707 553 788 634 quod
815 553 889 615 mihi
916 571 948 613 se
978 553 1018 613 ita
1041 551 1189 632 iacturum

172 651 338 730 rescripsit,
351 664 421 726 agas
435 647 553 725 gratias.
567 644 646 718 11,2
661 642 703 723 [a.
713 645 765 704 55.
777 641 857 721 699]
872 649 906 704 tn
916 640 1044 703 Lucceio
1054 649 1190 700 nostrum

171 738 282 804 librum
310 735 403 798 dabis.
435 729 567 817 (Luccei
587 737 716 812 epistula
740 735 785 795 cd
808 733 905 796 Cicer.
929 736 1032 794 exstat
1053 730 1097 790 cd
1114 727 1216 805 sams
1304 777 1309 804 ,

178 827 268 898 1⁷14,
292 831 322 889 tn
343 843 405 904 quc
428 826 507 886 nihii
527 825 566 885 de
588 815 742 905 historic.)

365 1097 408 1182 r.
447 1089 743 1180 rouronrvs
784 1088 1011 1208 anricus

388 1246 479 1314 (natus
499 1259 523 1297 a.
545 1247 603 1297 109.
619 1247 680 1311 ato,
699 1242 827 1297 morinus
846 1246 888 1296 32.
905 1243 978 1310 ⁸122.)

441 1357 667 1414 TESTIMONIA
685 1355 734 1413 DE
754 1354 927 1413 HISTORIA

139 1470 171 1538 l.
199 1477 260 1538 θέο.
274 1475 361 1536 Brut.
375 1471 461 1548 5,19
481 1470 613 1550 [Atticus
631 1489 701 1532 cum
717 1473 865 1533 Cicerone
881 1468 1029 1547 loquitur]
1053 1468 1115 1532 lam
1133 1471 1192 1549 pri-

171 1564 240 1626 dem
263 1565 345 1625 enim
363 1564 573 1624 conticuerunt
591 1568 660 1621 tuae
679 1559 805 1621 litterae.
828 1576 898 1620 nam
916 1566 951 1619 ut
969 1557 1036 1622 illos
1053 1559 1092 1621 de
1111 1577 1145 1620 re
1164 1577 1192 1638 p.
1307 1561 1311 1594 ‘¹

172 1653 265 1714 libros
288 1651 411 1712 edidisti
435 1647 476 1728 [c.
495 1650 548 1710 54.
573 1647 669 1726 ⁷00],
692 1646 766 1710 nihil
795 1665 812 1708 a
834 1655 864 1709 to
888 1664 958 1708 sanc
982 1656 1086 1727 postea
1109 1666 1191 1710 acce-

172 1744 284 1822 pimus,
312 1743 415 1820 cisque
443 1746 560 1800 nosmet
587 1738 645 1817 ipsi
673 1737 710 1798 ad
732 1743 871 1798 ueterum
899 1754 1003 1798 rerum
1021 1745 1191 1799 nostrarum
1206 1750 1233 1791 1⁰

172 1832 346 1893 memoriam
364 1827 673 1907 comprehendendam
696 1824 818 1905 impulsi
835 1835 924 1906 atque
943 1828 1061 1889 incensi
1078 1844 1190 1889 sumus.

171 1919 219 1995 11,
238 1919 283 1979 44
315 1917 354 1980 Et
380 1935 435 1997 ego
459 1914 598 1994 [Cicero]
627 1917 744 1976 cautius
772 1915 896 1994 posthac
923 1915 1078 1980 historiam
1103 1917 1192 1977 attin·

172 2026 239 2088 gam
253 2015 283 2069 to
297 2005 445 2086 audiente,
465 2023 554 2085 quem
568 2021 670 2065 rerum
684 2003 884 2066 Romanarum
902 2013 1056 2067 auctorem
1070 2004 1191 2066 laudare

171 2113 295 2177 possum
317 2094 583 2173 religiosissimum.

137 2181 172 2250 2.
199 2187 288 2247 Corn.
303 2185 376 2260 Nep.
390 2184 449 2244 Act.
463 2183 550 2257 18,1
572 2182 663 2242 Moris
686 2184 775 2244 etiam
798 2185 945 2244 maiorum
968 2201 1102 2244 summus
1125 2185 1232 2244 imi-1⁵

174 2281 252 2335 tator
279 2273 337 2332 fuit
369 2273 613 2350 antiquitatisque
647 2278 774 2352 amator,
805 2290 894 2352 quam
928 2272 1001 2333 adeo
1031 2271 1192 2350 diligenter
1312 2305 1313 2310 .

172 2360 277 2422 habuit
300 2361 457 2440 cognitam,
480 2367 515 2422 ut
537 2377 602 2421 eam
621 2367 714 2421 totam
732 2363 764 2422 in
783 2377 818 2422 eo
837 2360 989 2422 uolumine
1008 2361 1191 2441 exposuerit,

173 2467 232 2528 quo
246 2445 439 2527 magistratus
457 2448 615 2510 ordinauit.
640 2449 720 2512 nulia
734 2451 815 2512 enim
833 2448 879 2510 lex
898 2466 995 2529 neque
1013 2465 1070 2527 pax
1088 2465 1187 2529 neque

172 2535 285 2598 bellum
307 2554 405 2616 neque
433 2555 482 2597 res
509 2537 636 2601 illustris
663 2547 710 2600 est
737 2536 839 2619 populi
862 2536 999 2618 Romani,
1027 2555 1103 2616 quac
1132 2556 1190 2600 non

172 2627 204 2688 in
227 2643 263 2686 eo
286 2644 340 2688 suo
364 2633 498 2706 tempore
521 2629 561 2688 sit
580 2636 697 2708 notata,
720 2635 764 2707 et,
787 2625 866 2705 quod
894 2624 1102 2689 difficillimum
1124 2626 1189 2708 init,
1204 2640 1233 2678 2⁰

173 2716 217 2776 sic
249 2713 427 2776 familiarum
458 2717 604 2795 originem
637 2716 803 2795 subtexuit,
835 2722 870 2775 ut
902 2733 939 2776 ex
971 2734 1008 2777 eo
1041 2715 1191 2778 clarorum

172 2804 308 2866 uirorum
331 2806 509 2884 propagines
531 2807 681 2884 possimus
703 2821 893 2882 cognoscere.
929 2805 990 2867 Cic.
1005 2805 1091 2867 Brut.
1105 2805 1136 2879 3,
1151 2805 1191 2865 13

172 2890 218 2953 An
246 2892 321 2952 mihi
347 2895 458 2973 potuit,
485 2895 607 2974 inquam
635 2892 712 2970 [epse
739 2891 873 2974 eiceret,
905 2911 972 2956 esse
999 2902 1051 2956 aut
1078 2896 1191 2973 gratior

172 2979 232 3042 ulla
261 2980 398 3044 salutatio
422 2989 473 3044 aut
496 2982 532 3043 ad
556 2982 612 3043 hoc
636 2989 755 3060 tempus
778 2983 876 3061 aptior
899 3001 987 3062 qnam
1009 2982 1089 3045 iliius
1112 2982 1192 3064 iibri,

173 3087 233 3149 quo
265 3088 312 3131 me
344 3069 393 3131 hic
426 3070 531 3133 affatus
563 3072 649 3150 quasi
676 3072 822 3132 iacentem
850 3073 1000 3134 excitauit.
1036 3071 1114 3133 Tum
1141 3070 1234 3133 illem

175 3156 333 3238 [Brutue],
350 3157 462 3238 Nempe
482 3177 550 3220 eum
569 3157 654 3239 dicis,
673 3160 779 3242 inquit,
798 3179 858 3240 quo
876 3163 933 3222 istc
952 3178 1071 3222 omnem
1088 3178 1193 3222 rerum

174 3248 346 3308 memoriam
370 3247 504 3310 breuiter
527 3256 572 3327 ct,
595 3255 630 3308 ut
647 3247 721 3309 mihi
744 3249 865 3328 quidem
888 3251 988 3311 mum
1011 3257 1070 3329 cst,
1093 3249 1192 3329 perdi·

174 3333 302 3412 ligenter
325 3336 497 3415 complexus
516 3332 584 3398 est?
607 3335 701 3399 lstum
724 3339 831 3418 ipsum,
855 3340 985 3419 inquam,
1003 3337 1105 3414 Brute,
1124 3338 1192 3402 dico

174 3421 286 3484 librum
304 3423 378 3485 mihi
397 3423 486 3486 saluti
504 3425 605 3487 fuisse.
629 3425 706 3488 Tum
722 3428 850 3490 Atticus:
874 3425 1099 3507 Optatissimum
1119 3427 1193 3489 mihi

175 3511 296 3591 quidem
319 3520 366 3574 est
389 3513 468 3592 quod
492 3513 576 3595 dicis,
600 3515 652 3576 sed
671 3515 742 3595 quid
762 3514 881 3577 tandem
903 3514 1009 3578 habuit
1026 3515 1102 3578 iiber
1125 3517 1191 3596 istc,
1205 3531 1236 3573 eo

175 3600 255 3680 quod
275 3601 330 3663 tibi
348 3609 398 3663 aut
418 3619 530 3664 nouum
549 3612 601 3668 aut
624 3612 706 3668 tanto
725 3606 795 3668 usui
812 3613 915 3683 posset
933 3602 1023 3668 esse?
1045 3604 1096 3668 llic
1116 3623 1190 3666 uero
