2614 4056
109 211 1125 281 comminuantur&tnuvscvsoaunattuffuultfflot)

110 363 251 436 Quietum
278 365 457 425 fortissimos
484 366 624 443 iuuenes,
638 361 728 437 ‚olim
759 363 897 425 tribunos
927 382 944 424 a
971 363 1126 425 Valeriano

110 455 218 533 laotos,
241 455 294 532 qni
311 453 444 514 Gallieno
462 455 642 531 imperante,
664 453 745 532 quod
763 453 835 514 boni
857 462 937 535 sunt,
960 453 1037 515 salui
1059 471 1125 514 esse

110 561 170 605 non
192 538 344 622 possunt'.
372 542 457 603 'luno
475 541 525 603 ille
548 540 601 602 ubi
623 541 808 604 intellectum
831 561 863 602 se
886 559 953 604 esse
967 537 1125 621 'conperitz

110 627 195 713 ‘llo'‚
222 633 334 711 inquit,
366 627 487 693 ‘manus
518 631 556 692 de
587 647 654 692 meo
686 631 870 710 stipendium
900 631 988 693 militi
1014 630 1125 710 duplex

110 720 248 782 daturus:
271 729 306 783 tu
327 727 443 783 tantum
466 720 610 800 praelecti
632 719 705 781 mibi
724 720 856 782 studium
875 727 905 780 et
928 738 1074 782 annonam
1093 722 1152 781 ios

109 812 286 870 necessariis
308 808 383 870 loeis
405 809 524 888 praebe.
551 811 610 870 iam
632 827 688 888 ego
710 809 814 890 faxim,
836 815 871 870 nt
889 808 1039 870 Gallienus
1063 828 1123 871 sor·

108 898 282 960 didissimus
296 899 475 960 feminarum
488 901 622 959 omnium
635 898 727 960 duces
742 900 791 960 soi
804 901 937 978 parentis
951 893 1124 976 intellegat’.

109 986 218 1048 Faetus
246 997 292 1048 est
319 990 412 1066 igitur
438 1006 507 1050 oum
535 986 684 1048 Macrim
711 994 743 1050 et
770 987 878 1058 Quieto
910 985 1027 1048 duobus
1056 987 1124 1047 liliis

109 1079 227 1137 eunctis
257 1076 403 1137 militibus
435 1075 608 1138 uolentibus
639 1078 802 1155 imperator
829 1095 863 1137 ao
891 1078 991 1137 statim
1019 1083 1124 1137 eontra

109 1163 276 1226 Gallienum
298 1167 402 1226 uenire
421 1167 521 1243 eoepit
544 1175 707 1244 utcumque
729 1164 821 1226 rebus
843 1166 876 1225 in
895 1163 1050 1226 Orientem
1072 1165 1165 1225 (le-10

107 1252 222 1314 reliotis
241 1254 294 1315 sed
307 1286 353 1297 —
365 1271 545 1334 congressus
558 1273 628 1315 eum
651 1254 779 1315 Aureolo
802 1256 902 1316 uictus
921 1261 1039 1315 etcum
1062 1251 1123 1314 fibo

107 1344 306 1422 interemptus
329 1350 383 1403 est

282 1522 573 1611 OORNELIVS
606 1523 948 1610 OAPI'lothvs

484 1671 745 1729 antonomum

199 1781 232 1848 l.
259 1786 345 1847 Μ).
369 1787 442 1847 Poll.
466 1787 727 1863 tria.tyr.15,8
757 1784 875 1857 Quibus
904 1785 1124 1864 [ueneratoriis

106 1877 314 1952 uoluptatibus
350 1871 520 1953 Odenatus]
555 1873 680 1936 duratus
712 1873 805 1936 solem
837 1893 871 1936 aa
903 1875 1059 1954 puluerem
1091 1877 1123 1936 iu

106 1963 193 2024 bellis
219 1961 350 2023 Persicis
376 1961 457 2042 tulit,
485 1981 545 2022 non
573 1962 659 2025 aliter
685 1965 775 2024 etiam
802 1965 929 2044 coniuge
959 1961 1121 2044 [Zenobio]
1136 1984 1163 2024 15

106 2052 239 2132 adsueta,
252 2069 330 2131 quae
349 2049 509 2111 multorum
529 2054 676 2128 sententia
691 2052 798 2112 fortior
815 2054 922 2114 marito
941 2053 1033 2114 brisso
1055 2071 1122 2132 per-

106 2141 236 2221 hibetur,
254 2139 362 2201 mulier
380 2142 514 2200 omnium
531 2139 716 2202 nobilissima
737 2140 926 2202 orientalium
945 2141 1123 2203 feminarum

106 2238 147 2312 et,
169 2239 204 2292 ut
226 2228 383 2292 Cornelius
405 2227 591 2310 Capitolinus
613 2230 733 2310 adserit,
757 2231 987 2310 speoiooissima.

353 2429 651 2516 olononrvs
682 2405 877 2517 roseto

486 2578 749 2635 FRAGMENTVM

199 2687 231 2753 l.
258 2692 383 2754 stebell.
398 2693 471 2752 Poll.
491 2695 562 2767 trio.
577 2693 730 2771 tyr.25‚2
756 2692 816 2764 Qui
830 2691 985 2770 [Tetricus
1003 2691 1120 2769 iunior]

107 2790 138 2842 et
160 2783 225 2861 ipse
244 2798 314 2843 oum
336 2787 421 2858 patre
443 2797 498 2858 per
517 2781 703 2859 triumphum
720 2781 843 2861 duetus,
860 2791 964 2860 postea
982 2779 1121 2842 omnibus
1134 2797 1162 2837 so

108 2872 266 2931 senatoriis
288 2868 453 2930 bonoribus
471 2868 594 2930 iuramus
612 2877 667 2950 est,
689 2869 813 2931 inlibato
835 2871 1023 2949 patrimonio,
1041 2869 1122 2948 quod

107 2959 229 3040 quidem
250 2959 287 3018 ad
311 2975 383 3019 suos
405 2965 542 3038 posteros
563 2959 653 3040 misit,
676 2966 711 3020 ut
727 2958 884 3038 Dagellius
899 2958 1017 3019 Fuscos
1039 2958 1121 3039 dicit,

106 3066 226 3128 moer
247 3048 382 3126 unguo.

347 3245 558 3332 olnnvs·
581 3246 881 3332 ANlIPA'llllt

298 3393 555 3451 TES'HMONWM
585 3394 633 3450 ΕΤ
663 3393 926 3452 FRAGMENTVM

198 3503 231 3572 l.
258 3510 343 3572 Μ.
367 3510 441 3571 Poll.
468 3511 574 3571 Glood.
597 3510 627 3585 5,
649 3510 672 3571 3
703 3509 838 3589 nonique
863 3509 974 3572 iudicio
998 3527 1122 3571 suornm

106 3599 235 3662 militum
257 3599 383 3678 Quum
405 3600 518 3660 exitum
540 3599 621 3660 uitae
644 3617 678 3659 ao
706 3597 841 3659 moribus
864 3601 928 3660 sois
951 3595 1067 3679 babuit,
1090 3603 1120 3658 et
1133 3622 1159 3663 aa
