2638 4056
159 214 248 280 ¹258
374 201 381 214 ‘
477 212 726 270 IMPERATORIS
745 213 906 270 Avovs'm

183 359 274 446 ἀρχῆς
292 363 326 428 δέ
339 386 374 444 με
393 358 508 444 βλύψαι
526 356 665 444 ἑλόμενος
682 359 732 427 καλ
750 365 808 426 νύν
826 359 967 442 ἔβλαψας.
991 357 1123 438 σπονδὰς
1140 359 1200 446 γάρ

184 485 234 542 μοι
246 459 400 542 τιθέμενος
417 461 515 542 ἔτυχες
533 453 573 525 ἀν
590 453 773 541 ἠδικημένου
792 458 842 522 καὶ
859 453 1061 540 νενικηκότος·
1084 457 1199 526 ἀσπου-

183 561 240 624 δον
263 556 295 622 δὲ
319 554 430 623 σαυτόν
451 582 481 624 τε
503 557 553 622 καὶ
575 553 645 632 τούς
668 559 775 637 φίλους
797 555 960 638 ἐπιτρέπων
977 553 1050 638 ἡμῖν
1072 557 1123 620 καλ
1144 554 1198 624 τόν

184 653 307 739 στρατόν
338 653 454 742 ἀφαιρῇ
485 654 540 738 μὲν
570 661 671 722 πᾶσαν
702 650 809 738 ἀργήν,
841 651 956 742 ἀφαιρῇ
992 654 1026 720 δέ
1057 655 1107 720 καλ
1142 652 1198 736 τὴν

183 754 331 834 ἐξουσίαν,
352 749 393 835 ἣν
416 750 615 835 σπενδόμενος
637 749 678 816 διν
700 752 815 828 ἔδωκας
837 747 889 816 ἀπ’
915 750 1057 838 ἀνάγκης.
1089 754 1225 835 συμπέ-5
1303 745 1304 778 ³

182 859 301 920 πλεκται
323 849 381 936 γδρ
409 847 453 928 οίς
481 849 567 928 ἀξιον
594 847 672 932 ὑμᾶς
699 857 812 917 παθεῖν
837 846 869 917 τὸ
896 857 1049 934 προσῆκον
1078 843 1121 915 ὧν
1147 850 1198 932 έμέ

184 945 301 1017 δίκαιόν
324 950 382 1016 ἐστι
404 957 509 1016 ποιεῖν.
539 945 613 1031 ὃδὴ
632 941 802 1032 προτιμήσω
826 945 877 1014 διά
898 972 928 1014 τε
950 945 1020 1025 τούς
1036 946 1129 1025 θεούς
1146 949 1198 1016 καλ

184 1045 224 1114 δι’
250 1044 377 1130 ἐμαυτόν
399 1047 448 1116 καλ
471 1044 521 1114 διὰ
545 1046 590 1126 σέ,
614 1037 638 1110 ἀ
660 1042 785 1126 Λεύκιε,
812 1047 863 1110 καλ
890 1043 927 1111 ού
955 1045 1059 1126 ψεύσω
1088 1067 1120 1111 σε
1145 1054 1197 1130 τῆς
1302 1119 1304 1128 .

182 1149 370 1229 προσδοκίας,
392 1141 433 1228 ἣν
456 1146 531 1228 έχων
552 1144 619 1224 περί
641 1143 799 1225 έμ[αυτ]ού
821 1142 1048 1226 κατελήλυθας’.
1300 1220 1304 1232 .

274 1249 372 1312 Ταῦτα
395 1242 448 1326 μέν
471 1244 571 1319 ἔλεξαν
594 1238 748 1322 ἀλλήλοις,
776 1238 816 1318 ὥς
839 1243 952 1308 ἐκτῶν
975 1240 1197 1326 ὑπομνημάτων
1211 1259 1239 1300 1⁰
1302 1233 1304 1242 ’

182 1333 221 1422 ἦν
244 1343 274 1418 ές
302 1339 334 1406 τό
364 1339 493 1406 δυνατὸν
519 1341 608 1420 τῆσδε
634 1345 687 1422 τῆς
715 1339 821 1422 φωνῆς
849 1345 1021 1424 μεταβαλεῖν
1047 1366 1197 1424 τεκμαιρο-

183 1440 261 1524 μένῳ
283 1446 336 1524 τῆς
356 1435 477 1524 γνάμης
499 1442 559 1503 τῶν
581 1436 770 1520 λελεγμένων.
793 1439 843 1504 καλ
867 1442 1075 1523 διεκρίθησαν,
1098 1436 1114 1504 5
1142 1439 1197 1522 μέν
1299 1461 1304 1570 ρ

182 1545 300 1622 Καῖσαρ
323 1539 356 1603 έν
384 1537 495 1620 ἐπαίνῳ
523 1534 573 1600 καί
595 1529 727 1616 θαύματι
753 1533 805 1602 τόν
828 1535 962 1604 Λεύκιον
988 1539 1079 1620 ἔχων,
1107 1534 1197 1602 ούδὲν

183 1632 222 1712 ιδς
254 1637 287 1700 ἒν
319 1640 487 1753 συμφοραῖς
518 1629 640 1716 ἀγεννὲς
671 1629 738 1698 οὐδ’
769 1627 914 1700 ἀσύνετον
945 1631 1082 1716 εἰπόντα,
1113 1631 1130 1702 5
1163 1635 1196 1700 δέ

182 1732 313 1810 Λεύκιος
334 1729 386 1798 τὸν
408 1733 546 1813 Καίσαρα
568 1734 621 1796 τοῦ
644 1753 674 1798 τε
696 1729 795 1812 ἤθους
817 1733 866 1798 καλ
889 1736 1092 1818 βραχυλογίας.
1213 1748 1240 1788 15

130 1832 162 1880 3⁷
274 1829 357 1896 122².
381 1834 463 1896 Suet.
487 1833 564 1908 Ααμ,
590 1831 633 1892 62
674 1830 748 1898 Cum
775 1832 831 1896 hac
855 1831 1046 1912 [Scribonia]
1077 1853 1196 1915 quoque

121 1922 347 1988 ⁷1⁷diu0rtium
379 1921 462 2001 fecit,
487 1926 656 2002 pertaesus,
688 1929 723 1984 ut
755 1921 871 2003 scribit,
903 1941 1018 1984 morum
1047 1925 1196 2003 peruersi·

181 2022 272 2077 tatem
296 2014 368 2074 eius.

118 2117 171 2192 ,3-3-
273 2113 330 2182 13.
359 2119 440 2180 Cass.
459 2117 547 2179 Dion.
565 2117 783 2194 XXXXVIII
798 2119 842 2181 44
869 2121 1060 2181 Συνοικοῦσα
1082 2116 1115 2181 δέ
1136 2067 1197 2199 η’δη
1302 2107 1303 2156 ί

120 2206 200 2294 716η
218 2239 295 2335 γυνη
284 2208 473 2298 [Liuia]
445 2217 484 2274 τεδ
497 2215 670 2295 Καίσαριί
640 2239 655 2276 τ
667 2239 727 2281 κτει
740 2207 895 2280 Κλαύδιον
906 2220 1046 2296 Δροῦσον
1059 2214 1197 2296 Νέρωνα.
1212 2228 1241 2269 20
1302 2241 1303 2250 ¹

179 2312 230 2374 και
248 2307 340 2376 αὐτὸν
355 2305 503 2390 όΚαῖσαρ
521 2311 572 2374 καὶ
590 2308 721 2378 ἀνείλετο
735 2312 785 2376 καί
802 2337 841 2400 τιγ
827 2312 942 2393 πατρὶ
959 2308 1161 2394 έπεμψεν,’
1124 2309 1197 2376 αυτδ

179 2412 266 2472 τοῦτο
299 2408 330 2483 ές
360 2403 395 2470 τόι
428 2403 627 2491 ὑπομνήματα
654 2407 820 2494 έγγράψας,
852 2406 896 2474 ότι
927 2415 1044 2491 Καῖσαρ
1070 2407 1104 2474 τό
1130 2433 1196 2493 γεν-
1281 2453 1286 2462 -

183 2504 279 2586 νηθὲν
297 2507 412 2592 Λιουίμ
434 2511 469 2589 τῇ
492 2506 598 2573 ἑαυτοῦ
620 2508 741 2591 γυναικὶ
763 2509 885 2572 παιδίον
904 2505 1025 2588 Νέρωνι
1046 2512 1087 2594 τῷ
1108 2506 1196 2587 πατρλ

178 2598 340 2668 ἀπέδωκεν.

117 2708 171 2787 ,33
272 2703 330 2776 14.
344 2712 421 2790 App.
435 2713 521 2790 Illyr.
535 2713 578 2774 14
593 2703 648 2776 Ἐν
662 2709 695 2777 δέ
708 2716 768 2785 τοῖς
785 2702 977 2789 ὑπομνήμασι
989 2712 1043 2770 τοῦ
1057 2704 1195 2787 δευτέρου
1212 2723 1241 2764 2⁵

117 2799 168 2848 719
179 2809 330 2889 Καίσαρος
352 2813 404 2874 τού
426 2809 588 2891 κληθέντος
611 2808 661 2872 καλ
679 2810 833 2891 Σεβαστοῦ
854 2798 1047 2884 παλαιότερον
1065 2801 1120 2886 μέν
1143 2800 1196 2871 ού-

179 2903 231 2968 δέν
253 2901 321 2969 οὐδ’
347 2906 380 2969 έν
402 2909 498 2971 τοῖσδε
520 2904 588 2987 περλ
613 2901 758 2968 Παιόνων
780 2894 890 2983 ηὗρον,
909 2898 1062 2984 Ἰλλυριῶν
1089 2901 1122 2966 δέ
1145 2926 1197 2984 μοι

177 3007 313 3085 φαίνεται
339 3004 428 3087 χωρίς
455 3011 514 3070 τῶν
542 2999 704 3085 είρημέυων
731 3001 832 3064 ἐθνῶν
859 3000 910 3064 καλ
937 2999 1019 3083 ἕτερα
1041 2997 1195 3083 Ῥωμαίων

176 3109 412 3185 προύπακούσαι.
445 3102 495 3166 καλ
513 3099 597 3177 ὅπως
611 3100 669 3184 μὲν
691 3094 749 3164 ούκ
770 3098 865 3182 έγνωυ
889 3093 940 3183 (ού
962 3095 1020 3183 γάρ
1042 3097 1196 3180 ἀλλοτρίας

175 3195 296 3282 πρύξεις
323 3196 341 3266 5
364 3193 529 3282 Σεβαστός,
557 3195 631 3265 ἀλλά
657 3195 711 3276 τὰς
738 3196 845 3262 ἑαυτοῦ
872 3195 1072 3281 συνέγραψεν)
1101 3192 1140 3272 ὦς
1164 3197 1192 3258 δ’
1209 3211 1238 3251 30

175 3293 360 3374 ἀποστάντας
392 3298 422 3372 ἒς
453 3293 523 3373 τούς
554 3294 670 3380 φόρους
696 3292 884 3380 ἐπανήγαγεν
919 3295 970 3360 καὶ
1006 3295 1121 3376 ἐτέρους
1152 3289 1193 3370 ὧς
1301 3285 1302 3368 λ

174 3391 308 3478 ἀρχῆθεν
330 3396 372 3459 έτι
394 3392 484 3470 ὄντας
507 3391 691 3478 αὐτονόμους
719 3391 775 3462 ιλλε
802 3394 852 3461 καλ
874 3387 989 3472 πύκτας
1012 3389 1192 3475 ἐκρατύνατο

174 3489 239 3558 όσοι
256 3490 308 3568 τδις
325 3487 462 3573 κορυφὰς
485 3495 600 3558 οίκούσι
622 3499 682 3558 τῶν
691 3491 837 3572 Ἄλπεων,
854 3488 992 3574 βάρβαρα
1009 3491 1061 3554 καλ
1080 3484 1193 3573 μόχιμα

175 3589 251 3671 ἔθνη
275 3588 325 3652 καί
347 3584 530 3656 κλοπεύοντα
556 3587 611 3671 τὴν
632 3587 758 3660 Ἰταλίαν
785 3585 825 3663 ὡς
854 3591 979 3672 γείτονα.
1001 3623 1046 3634 -
1066 3587 1105 3668 [ο.
1124 3586 1193 3666 λδ]
1301 3585 1302 3615 ³
