2638 4056
469 245 698 303 FRAGMENTA
716 252 813 303 4-24.
1090 245 1156 312 179

228 390 285 459 12.
309 398 385 458 Neo.
403 414 426 456 s.
445 415 475 458 o.
494 414 602 473 sapum
621 416 652 475 p.
672 397 737 458 538
760 396 885 458 Sisenna
907 396 1013 459 histor.
1036 395 1087 460 lih.
1101 398 1155 461 lll:

137 485 266 548 Senatus
288 486 465 546 auctoritate
488 487 603 568 sagaria
626 505 715 548 nune.

228 586 286 655 la.
310 594 385 654 Non.
408 610 431 653 s.
455 611 484 653 u.
508 596 628 655 mittere
646 612 677 671 p.
696 593 763 654 348
791 593 915 655 Sisenna
937 593 1007 655 hist.
1031 593 1081 656 lib.
1100 594 1155 657 lll:

135 680 293 743 Mulierem
315 683 405 742 missa
424 681 482 742 lide
502 699 536 743 ae
554 684 664 761 pietate
683 691 807 762 propter
826 684 934 744 amoris
953 684 1061 745 nelarii
1079 683 1155 745 lubi·

136 770 237 832 (linem
260 771 404 832 extitisse.
748 807 753 818 ·
1168 800 1183 842 5

228 871 284 940 14.
300 878 375 938 Non.
385 895 408 937 s.
418 896 447 938 o.
456 881 566 954 anilem
575 897 607 954 p.
615 878 659 938 58
674 877 799 939 Sisenna
813 878 1007 941 historiarum
1016 878 1155 941 librelll:

135 965 250 1046 tgilem
270 965 334 1026 dari
357 965 534 1046 facilemque
557 969 716 1028 uictoriam
739 986 836 1048 neque
857 968 951 1028 fossas
973 974 1024 1029 aut
1043 967 1155 1030 uallum

136 1061 365 1117 remoraturum.

228 1155 285 1224 15.
309 1164 384 1223 Non.
408 1180 431 1223 s.
455 1181 484 1224 u.
509 1170 649 1240 apertam
667 1183 699 1240 p.
714 1163 786 1224 236
812 1163 937 1225 Sisenna
960 1162 1155 1225 historiarum

137 1249 214 1312 libro
237 1249 291 1312 lll:
313 1250 499 1312 lidoriuntur
522 1269 646 1312 auersos
670 1260 703 1313 ut
726 1255 837 1332 apertis
861 1252 1013 1314 lateribus.
1170 1282 1197 1321 ιο

228 1351 285 1418 16.
310 1357 385 1420 Non.
412 1377 436 1419 s.
459 1377 489 1420 o.
517 1361 643 1420 adesum
666 1378 697 1437 p.
720 1360 765 1419 70
803 1358 928 1420 Sisenna
960 1358 1155 1421 historiarum

136 1444 214 1507 libro
237 1445 291 1508 lll:
314 1446 413 1508 lsdem
435 1447 622 1525 temporibus
646 1449 804 1509 Aesernini
826 1447 938 1527 dupliei
962 1447 1041 1510 fossa
1064 1448 1155 1509 uallo-

50 1539 53 1543 ’
137 1553 196 1615 que
220 1535 397 1597 circumdati
420 1535 569 1596 frumento
589 1537 687 1619 adeso,
708 1537 787 1618 quod
806 1556 842 1598 ex
861 1538 939 1598 areis
962 1539 993 1598 iu
1012 1538 1156 1618 oppidum

136 1630 288 1703 portatum
312 1631 459 1704 est,....

229 1706 285 1774 17.
315 1715 390 1775 Non.
413 1732 435 1774 s.
460 1732 488 1774 o.
512 1717 613 1798 senati
639 1718 691 1776 nel
714 1718 850 1777 senatuis
873 1734 904 1793 p.
924 1716 992 1776 484
1029 1715 1195 1783 Sisennam

136 1801 241 1862 histor.
264 1799 315 1862 lib.
334 1800 388 1862 lll:
411 1801 523 1863 Lucius
546 1801 724 1882 Calpurnius
747 1804 816 1865 Piso
841 1821 876 1864 ex
901 1807 996 1865 senati
1019 1804 1155 1866 consulto

137 1890 212 1951 (luas
234 1885 329 1952 nouas
351 1889 493 1952 trihus...

229 1990 285 2058 18.
310 1998 384 2059 Non.
399 2017 422 2059 s.
437 2017 466 2060 u.
481 1996 682 2073 multifariam
697 2017 727 2076 p.
741 1999 803 2059 141
822 1999 947 2060 Sisenna
961 2000 1154 2061 historiarum

106 2090 109 2096 '
137 2085 215 2147 lihro
233 2083 286 2146 111:
310 2077 396 2158 Quo'd
419 2086 483 2148 loca
502 2086 645 2166 palustria
661 2134 757 2149 .....
772 2107 831 2169 que
850 2095 935 2150 erant
954 2094 985 2150 et
1003 2087 1061 2150 alte
1080 2089 1154 2150 mul·
1197 2095 1198 2098 ’

137 2175 265 2235 tilariam
289 2175 434 2237 eonlossa.
1169 2204 1197 2244 ro

230 2275 286 2342 19.
311 2283 386 2344 Non.
400 2301 423 2344 s.
438 2301 467 2343 o.
479 2279 654 2357 funditores
663 2303 695 2361 p.
710 2285 776 2344 553
799 2283 924 2346 Sisenna
947 2284 1015 2347 hist.
1040 2284 1154 2347 lih.lll:

136 2370 179 2431 Ao
203 2376 272 2449 post
294 2377 424 2431 armatos
447 2370 615 2434 funditores
639 2381 669 2433 et
692 2375 860 2452 sagittarios
882 2376 976 2453 ponit.

228 2471 288 2538 20.
312 2478 387 2538 Non.
406 2496 429 2538 s.
449 2497 477 2538 u.
496 2482 645 2556 manipuli
658 2498 689 2557 p.
709 2481 777 2540 556
814 2479 939 2542 Sisenna
961 2481 1154 2543 historiarum

136 2565 187 2628 lih.
202 2564 255 2628 lll:
283 2561 307 2646 †
331 2565 495 2628 Conmntus
522 2574 620 2627 tamen
645 2579 675 2629 et
698 2575 832 2648 tempora
861 2569 976 2649 singula
1000 2558 1155 2632 e‘onstituit

138 2664 176 2736 et,
201 2657 279 2716 siout
302 2661 436 2735 steterat,
460 2656 626 2735 manipulos
648 2657 768 2719 obuerti
791 2660 886 2718 iussit.
1168 2682 1196 2723 rs

228 2755 286 2823 21.
310 2763 386 2823 Non.
405 2780 428 2824 s.
448 2781 478 2824 u.
495 2781 607 2840 sparus
626 2782 657 2841 p.
672 2765 738 2824 555
762 2764 888 2826 Sisenna
910 2764 1015 2825 histor.
1039 2764 1155 2826 lih.lll:

139 2851 242 2931 Sparis
264 2868 298 2911 ao
322 2850 434 2912 laneeis
457 2853 575 2912 eminus
597 2860 736 2931 peterent
759 2853 869 2915 hostes.

228 2951 286 3019 22.
311 2959 385 3019 Non.
400 2976 422 3018 s.
437 2977 466 3019 o.
478 2965 607 3035 propter
614 2978 647 3037 p.
663 2960 733 3020 367
757 2959 882 3020 Sisenna
895 2959 1090 3021 historiarum
1104 2958 1155 3020 lih.
1224 3043 1228 3048 .

136 3045 191 3108 111:
213 3045 331 3107 Partem
355 3046 525 3108 cohortium
546 3056 671 3126 propter
694 3068 775 3110 mare
799 3048 924 3110 collocat
946 3051 977 3110 in
1000 3049 1096 3109 litore.

229 3155 286 3223 23.
312 3163 386 3223 Non.
401 3180 424 3222 s.
440 3180 469 3224 o.
484 3165 543 3224 telo
554 3181 585 3240 p.
602 3164 668 3224 448
692 3162 818 3224 Sisenna
830 3163 1024 3226 historiarum
1034 3155 1088 3226 lib.
1099 3163 1153 3225 lll:
1168 3187 1196 3228 oo

137 3248 282 3311 Manualis
305 3249 418 3329 lapides
441 3251 592 3333 dispertit,
615 3259 775 3331 propterea
803 3253 882 3331 quod
909 3256 935 3314 is
964 3272 1034 3334 ager
1057 3255 1155 3315 omnis

138 3340 203 3400 eius
228 3339 307 3400 modi
329 3338 397 3401 telis
421 3338 579 3419 indigebat.

229 3449 287 3518 24.
311 3456 386 3517 Non.
405 3474 428 3516 s.
447 3475 476 3517 o.
495 3461 651 3518 masmae
665 3474 696 3533 p.
716 3455 778 3516 141
815 3455 938 3517 Sisenna
963 3458 1154 3518 historiarum

138 3543 215 3605 lihro
238 3542 291 3605 lll:
324 3544 396 3605 Post
427 3544 566 3606 uillarum
599 3547 742 3606 macerias
770 3563 804 3606 ae
832 3547 991 3623 parietinas
1021 3548 1154 3627 quinque

138 3632 271 3695 cohortis
295 3635 326 3694 in
350 3633 467 3695 insidiis
490 3635 620 3715 reliquit.
1168 3653 1196 3696 os

940 3736 995 3790 12¹·
