2640 4052
438 213 699 272 FRAGMENTVM
720 215 760 271 bb.
843 237 846 244 ¹
1067 218 1109 285 13

93 359 163 440 τοὺς
185 358 324 444 κωμήτας
345 359 479 439 ἅπαντας
502 358 687 445 δῬωμνλος
708 364 759 427 καί
784 363 904 446 δεηθείς
922 367 964 441 είς
980 361 1111 448 τηνἍλ-

52 449 56 458 ⁴
94 464 153 545 βαν
177 460 347 545 έπεάγεσθαι
369 459 544 545 διαταχέων,
568 458 607 544 μὴ
631 458 704 525 κατά
721 458 773 538 τάς
793 458 884 538 αάτάς
901 459 998 539 πύλας
1015 460 1110 527 ἀπαν-

93 585 146 636 τας
168 555 240 642 μηδ’
265 555 399 642 ἀθρόους
422 556 580 639 εἰσιόντας,
607 556 648 643 μη’
670 585 713 636 τις
737 555 866 626 ὑπόνοια
889 559 964 645 πρὸς
985 558 1055 639 τοὺς
1078 561 1111 625 έν

94 663 129 743 τῇ
146 652 232 722 πόλει
248 656 378 742 γένηται,
396 657 447 721 καί
464 657 531 741 περὶ
548 653 604 739 τὴν
623 654 737 742 ἀγοράν
754 655 958 742 ὑπομένοντας
976 660 1111 742 ἑτοίμους

95 750 172 820 εἶναι
195 758 272 840 δρῶν
293 751 326 820 τδ
349 753 556 839 κελευόμενον,
578 753 669 842 ἀπῄει
685 764 800 841 πρῶτος
819 760 861 835 εἰς
878 755 933 841 τὴν
950 755 1046 824 πόλιν.
1082 762 1138 837 οίο

96 855 129 919 δέ
151 850 203 918 τὸν
221 850 336 938 Ῥῶμον
362 852 485 938 ἀγοντες
511 851 613 937 ἐπειδὴ
640 855 819 938 κατέστησαν
842 858 884 933 είς
905 853 958 921 τὸν
980 856 1111 940 βασιλέα,

94 947 149 1029 τάς
166 975 197 1017 τε
214 949 316 1036 ὑβρεις
333 946 465 1033 ἀπάσας,
484 950 556 1030 ὅσας
574 945 652 1036 ἦσαν
670 951 843 1038 ὑβρισμένοι
861 951 921 1020 ὑπὸ
938 961 998 1020 τῶν
1012 979 1112 1039 μειρα-

95 1054 184 1130 κίων,
206 1046 392 1134 κατηγόρουν
413 1051 464 1114 καί
486 1047 555 1127 τοὺς
582 1055 759 1136 τραυματίας
782 1058 869 1135 σφῶν
891 1052 1112 1134 ἐπεδείκνυσαν,

95 1150 236 1232 τιμωρίας
253 1172 283 1212 τε
301 1150 328 1213 εί
345 1144 385 1231 μὴ
404 1146 554 1226 τεόξονται
571 1152 759 1233 καταλείψειν
777 1150 969 1235 προλέγοντες
985 1147 1021 1214 τά
1039 1153 1112 1234 βου-

96 1240 219 1330 φόρβια.
256 1243 392 1329 Ἀμόλιος
415 1245 448 1310 δὲ
470 1255 531 1323 τοῖς
554 1251 690 1332 χωρίταις
716 1246 790 1313 κατά
812 1254 931 1331 πλῆθος
953 1245 1112 1332 ἐληλυθόσι
1127 1274 1153 1316 ιο

96 1347 268 1429 χαρίζεσθαι
294 1341 477 1428 βουλόμενος
504 1346 555 1409 καί
581 1352 621 1434 τῷ
643 1346 788 1431 Νεμέτορι
812 1343 931 1431 (πυρῶν
953 1343 1009 1431 γάρ
1032 1343 1111 1430 έτόγ-

87 1467 167 1526 ,χανε
190 1448 423 1526 συναγανακτῶν
445 1451 508 1520 τοῖς
527 1441 679 1532 πελάταις)
698 1442 821 1528 εἰρήνην
842 1471 872 1509 τε
895 1439 955 1509 ἀνά
977 1443 1032 1530 τὴν
1054 1441 1113 1531 χῶ-

97 1566 153 1622 ραν
176 1535 316 1605 σπεόδων
339 1537 488 1606 εἶναικαὶ
515 1539 577 1624 ἀμα
598 1541 631 1609 τὸ
654 1541 789 1620 αῶθαδες
810 1550 864 1609 τοὺ
887 1547 1050 1628 μειρακίου,
1074 1539 1113 1620 ῶς

96 1633 321 1722 ἀκατάπληκτον
347 1631 388 1720 ἦν
421 1638 454 1702 έν
480 1647 540 1716 τοῖς
572 1635 685 1725 λόγοις,
716 1638 756 1706 δι’
786 1638 921 1724 ὑποψίας
951 1637 1113 1726 λαμβάνων

54 1731 62 1744 ’
97 1740 330 1820 καταψηφίζεται
357 1734 412 1820 τὴν
440 1739 540 1821 δίκην·
581 1744 633 1821 τῆς
660 1738 693 1803 δέ
718 1743 858 1823 τιμωρίας
885 1737 937 1805 τὸν
959 1739 1114 1824 Νεμέτορα
1128 1761 1153 1805 15

97 1843 184 1900 ποιεῖ
196 1833 301 1920 κόριον
320 1832 426 1918 είπῶν,
446 1831 487 1912 ῶς
507 1841 548 1925 τῷ
567 1832 708 1920 δράσαντι
727 1835 811 1902 δεινά
829 1835 861 1904 τὸ
880 1835 1057 1903 ἀντιπαθεῖν
1076 1834 1113 1903 οά

99 1929 174 2018 πρὸς
196 1931 287 1999 ἀλλον
314 1930 395 2010 τινὸς
422 1940 532 2016 μᾶλλον
555 1930 574 2017 ἢ
597 1941 650 2000 τοὺ
675 1931 863 2013 πεπονθότος
885 1933 1039 2017 ὀφείλεται.
1081 1936 1115 1999 έν

98 2028 159 2116 όσφ
179 2028 208 2094 δ’
231 2027 247 2096 ὃ
262 2028 372 2116 Ῥῶμος
388 2028 449 2098 ὑπδ
467 2038 526 2097 τῶν
543 2037 596 2097 τοὺ
609 2032 778 2117 Νεμέτορος
792 2032 947 2117 βουκόλων
965 2031 1051 2118 ἤγετο
1070 2035 1114 2097 δε-

99 2128 222 2211 δεμένος
244 2155 274 2194 τε
297 2127 390 2195 ὀπίσω
413 2127 454 2195 τῶ
476 2139 552 2215 χεῖρε
574 2132 625 2195 καί
642 2128 717 2214 πρὸς
734 2139 794 2197 τῶν
812 2130 946 2216 ἀγόντων
969 2133 1114 2214 ἐπικερτο-

100 2225 262 2312 μοόμενος,
279 2225 460 2295 ἀκολουθῶν
478 2225 494 2294 δ
512 2229 653 2314 Νεμέτωρ
670 2236 724 2295 τοῦ
742 2254 772 2294 τε
790 2225 923 2312 σῶματος
940 2227 995 2312 τὴν
1013 2225 1114 2313 εάπρί-
1129 2258 1156 2298 ιο

98 2349 188 2390 πειαν
215 2322 440 2409 ἀπεθαύμαζεν,
467 2322 508 2404 ῶς
535 2324 611 2392 πολὺ
642 2325 675 2393 τὸ
702 2326 856 2411 βασιλικόν
887 2324 958 2412 εἶχε,
986 2327 1036 2392 καὶ
1062 2334 1115 2394 τοῶ

100 2422 291 2508 φρονήματος
308 2422 363 2509 τὴν
382 2423 533 2510 εάγένειαν
550 2426 732 2510 ἐνεθυμεῖτο,
754 2423 794 2510 ἣν
812 2427 862 2491 καὶ
880 2424 960 2509 παρὰ
978 2425 1013 2491 τδι
1032 2425 1116 2492 δειυά

100 2521 242 2587 διέσωσεν
265 2519 302 2589 οὑ
329 2521 404 2608 πρὸς
432 2518 531 2589 οίκτον
558 2521 630 2589 οάδέ
655 2523 841 2609 λιπαρήσεις,
864 2522 904 2601 ὡς
931 2522 1058 2602 ἀπαντες
1083 2525 1117 2590 έν

100 2627 165 2697 ταῖς
193 2624 323 2687 τοιαῖσδε
351 2628 472 2688 ποιοῦσι
505 2619 619 2707 τόχαις,
633 2623 634 2628 ’
649 2619 846 2706 τραπόμενος,
878 2619 952 2687 ἀλλά
982 2620 1038 2687 σὺν
1068 2620 1115 2688 εά·

100 2715 202 2807 κόσμφ
225 2725 323 2809 σιωπῇ
341 2717 416 2805 πρὸς
433 2718 485 2786 τὸν
504 2718 597 2804 μόρου
614 2718 721 2787 ἀπιῶν.
764 2717 804 2798 ῶς
822 2718 851 2785 δ’
877 2724 918 2797 εἷς
940 2718 995 2805 τὴν
1018 2722 1116 2786 οίκίαν
1130 2746 1156 2789 ιο

101 2812 262 2899 ἀφίκοντο,
285 2825 459 2901 μεταστῆναι
481 2817 550 2896 τοὺς
574 2817 683 2897 ἀλλους
709 2817 846 2896 κελεόσας
869 2818 1044 2902 μονωθέντα
1065 2815 1117 2884 τδν

97 2913 212 2998 Ῥῶμον
229 2914 316 3001 ἤρετο
333 2919 377 2993 τίς
393 2919 439 3000 είη
457 2917 507 2981 καὶ
524 2921 629 2998 τίνων,
651 2914 691 2996 ῶς
710 2915 766 2984 οὑκ
784 2915 824 2981 ἀν
842 2918 875 2981 έκ
892 2922 951 2981 τῶν
968 2914 1118 3000 τυχόντων

102 3039 136 3100 γε
158 3011 257 3099 ἀνδρα
278 3021 414 3081 τοιοῦτον
435 3014 603 3101 γενόμενον.
649 3014 782 3093 εἰπόντος
806 3014 840 3079 δέ
862 3021 914 3081 τοὺ
932 3011 1047 3097 Ῥῶμου
1069 3041 1117 3081 το-

102 3119 212 3179 σοῦτον
238 3113 349 3178 εἰδέναι
375 3110 470 3196 μόνον
496 3113 569 3179 κατά
594 3113 700 3180 πόστιυ
722 3121 775 3180 τοὺ
797 3114 972 3198 τρέφοντος,
993 3111 1038 3179 ότι
1060 3111 1117 3178 σὺν

102 3207 224 3301 ἀδελφῷ
247 3208 363 3301 διδόμφ
387 3213 518 3296 ἐκτεθείη
541 3213 654 3298 βρέφος
680 3216 721 3290 είς
746 3210 847 3296 νάπην
869 3208 964 3289 εάθὺς
986 3209 1045 3278 ἀπὸ
1069 3238 1116 3298 γο-
1131 3238 1158 3280 οο

103 3315 160 3393 νῆς
176 3310 227 3374 καί
245 3334 320 3396 προς
336 3317 395 3377 τῶν
414 3313 530 3397 νομέων
548 3309 717 3396 ἀναιρεθεὶς
735 3312 907 3396 ἐκτραφείη,
926 3308 1040 3394 βραχὺν
1058 3310 1118 3375 έπι-
1154 3337 1158 3346 ·

103 3404 184 3490 σχῶν
205 3406 315 3494 χρόνον
337 3412 392 3475 εἴτε
414 3406 618 3493 ὑποτοπηθείς
634 3438 662 3475 τι
679 3417 739 3475 τῶν
756 3407 882 3493 ἀληθῶν
900 3411 955 3475 εἴτε
977 3413 1030 3474 τοὺ
1053 3411 1118 3472 δαί-

103 3530 197 3588 μονος
218 3505 343 3592 ἀγοττος
365 3512 406 3587 είς
428 3506 597 3592 τούμφανὲς
619 3506 652 3573 τὸ
674 3514 795 3594 πρᾶγμα
817 3508 893 3592 λέγει
915 3502 991 3591 πρός
1013 3504 1117 3574 αάτόν·

105 3599 186 3670 εὍτι
199 3605 254 3689 μέν
272 3603 318 3672 ἐπ’
335 3607 400 3692 έμοί
413 3607 548 3694 γέγονας,
563 3602 701 3693 ῶῬῶμε,
715 3616 827 3674 παθεῖν
845 3604 890 3671 ότι
904 3602 944 3670 ἀν
957 3604 1118 3686 δικαιῶσω,
