2638 4056
162 177 230 257 248
601 189 631 246 C.
651 185 748 244 OPPII

164 359 255 422 quam
278 338 429 420 edideras,
450 335 519 400 tutti
541 339 686 400 Caesaris
720 327 801 416 ustae
826 338 952 400 maur-ia
975 346 1036 398 tam
1059 337 1184 417 grandis

163 438 223 511 est,
246 436 281 490 ut
309 427 482 489 studentum
509 430 538 489 si
564 429 633 508 quis
660 427 753 488 inerit
777 425 828 487 iile
858 428 1083 506 copiosissimus
1105 426 1184 488 nihil

163 516 291 597 amplius
313 519 345 578 iu
368 519 434 599 ipsa
456 515 564 579 debeat
582 534 699 597 cauere,
718 533 807 595 quam
824 534 863 576 ne
882 515 954 596 quid
972 517 1073 577 minus
1091 515 1181 578 dicat

162 623 232 669 nam
251 607 278 667 si
295 607 479 689 omittantur,
498 620 575 685 qnae
593 605 630 667 de
649 604 745 666 titulis
763 604 918 666 denaris
940 607 1048 666 inuicti
1068 607 1182 685 scripta

161 695 314 758 Patauinis
345 701 417 756 suut
452 694 670 775 umbribus,
703 694 771 799 quis
807 709 898 774 opera
930 693 1080 777 Suetonii,
1111 696 1216 772 quise
1304 659 1306 760 d

161 784 287 848 iuuenci
318 781 460 845 Martialis
491 783 660 864 historiam,
693 786 802 863 quisue
832 783 869 844 ad
902 792 1069 865 extremum
1095 781 1182 844 Balbi

162 873 384 957 ephemeridem
406 872 495 935 iando
519 869 754 954 adaequauerit?

539 1025 810 1108 rrrcacrncrcrtnt¹

96 1139 154 1224 g
255 1134 289 1203 i.
312 1140 394 1203 Suet.
418 1133 502 1203 Caes.
516 1139 558 1202 81
585 1139 644 1202 Sed
662 1141 782 1202 Caesari
805 1140 906 1202 futura
929 1139 1038 1202 caedes
1059 1139 1181 1202 euiden

100 1228 243 1293 twinus
265 1229 410 1310 prodigiis
433 1229 606 1290 denuntiata
633 1237 689 1291 est.
724 1225 839 1292 Paucos
862 1237 931 1292 ante
954 1243 1087 1310 menses,
1110 1249 1181 1292 cum

162 1321 194 1380 in
217 1318 332 1381 colonia
356 1318 456 1398 Capua
478 1318 600 1380 deducti
626 1318 692 1398 lege
715 1317 790 1380 iulia
817 1318 916 1380 coloni
938 1319 975 1380 ad
998 1319 1180 1380 extruendas
1196 1337 1227 1376 ιο

162 1407 249 1470 uiiias
281 1409 487 1469 uetustissima
520 1407 678 1487 sqruiehra
711 1405 887 1488 disicerent,
918 1407 1010 1488 idque
1047 1422 1082 1469 eo
1118 1415 1180 1470 stu·

163 1498 277 1559 diosius
300 1497 442 1577 iacerent,
466 1496 545 1575 quod
570 1495 754 1576 aliquantum
773 1496 964 1558 uasculorum
984 1499 1084 1576 operis
1102 1499 1181 1558 anti-

162 1588 216 1667 qui
239 1592 407 1647 scrutantes
430 1583 630 1666 reperiebant,
653 1584 753 1647 tabula
771 1604 862 1647 aenea
885 1589 916 1647 in
937 1588 1129 1667 monimento,
1147 1589 1180 1646 in

162 1692 222 1754 quo
243 1673 399 1735 dicebatur
417 1673 512 1754 Capys
532 1674 669 1736 conditor
684 1673 804 1754 Capuae
820 1674 964 1755 sepultus,
983 1677 1105 1736 inuenta
1124 1683 1180 1755 est,

162 1764 332 1842 conscripta
341 1761 450 1823 litteris
459 1761 622 1843 uerbisque
630 1761 751 1825 Graecis
758 1758 814 1825 hac
824 1766 985 1825 sententia:
995 1761 1179 1844 Quandoque
1195 1781 1226 1822 1⁵

162 1869 228 1913 ossa
243 1851 349 1932 Capyis
363 1851 480 1936 detecta
494 1861 609 1936 essent,
624 1853 687 1913 iore
701 1860 737 1914 ut
749 1851 813 1914 iulo
827 1861 992 1934 prognatus
1004 1869 1096 1914 manu
1110 1871 1180 1914 con·

162 1941 393 2020 sanguineorum
425 1948 584 2003 necaretur
615 1943 790 2022 magnisque
822 1957 890 2003 mox
913 1940 1013 2003 italiae
1046 1939 1180 2004 cladibus

161 2030 376 2093 uindicaretur.
409 2029 502 2091 Cuius
524 2031 579 2111 rei,
601 2033 727 2110 nequis
750 2029 914 2092 fabulosam
933 2039 985 2092 aut
1007 2034 1180 2092 commenti·
1305 2073 1306 2102 2

161 2121 237 2181 ciam
265 2126 363 2201 putet,
391 2125 497 2182 auctor
525 2127 572 2180 est
598 2118 755 2182 Cornelius
781 2119 905 2202 balbus,
932 2119 1180 2182 familiarissimus

161 2207 304 2270 Caesaris.
1192 2225 1223 2265 so

540 2335 583 2422 C.
616 2333 800 2423 OPPIVS

197 2482 332 2556 (equestri
355 2483 417 2540 loco
435 2485 535 2554 natus,
561 2483 630 2540 item
653 2483 889 2540 familiarissimus
910 2483 1036 2540 Caesaris
1055 2497 1142 2556 eoque

317 2617 319 2622 ,
419 2526 567 2612 interiecto
587 2555 773 2612 Octauianum
792 2558 925 2626 secutus)

558 2658 786 2718 TESTIMONIA

127 2767 160 2837 l.
186 2775 265 2838 Paua.
282 2776 384 2852 Pomp.
399 2776 443 2836 10
462 2769 539 2837 Ἀλλ’
556 2770 668 2858 Ὀππίῳ
692 2772 756 2855 μέν,
773 2769 846 2837 ὅταν
868 2771 1010 2854 περὶτῶν
1027 2773 1178 2855 Καίσαρος

160 2866 352 2954 πολεμίωνῆ
382 2873 479 2954 φίλωγ
508 2870 690 2953 διαλέγηται,
718 2867 836 2951 σφόδρα
863 2871 912 2934 δεῖ
934 2867 1081 2935 πιστεύειν
1108 2866 1178 2951 μετὰ
1305 2939 1306 2954 χ

160 2964 323 3050 εὐλαβείας.
346 2965 423 3050 (uid.
442 2967 484 3045 fr.
500 2965 545 3050 5.)
589 3001 592 3007 Δ
1305 2965 1306 2970 ’

124 3069 158 3138 2.
183 3067 265 3129 Suet.
281 3068 364 3128 Caes.
375 3065 418 3126 52
432 3064 566 3136 Quorum
581 3065 764 3142 [amicorum
782 3065 936 3146 Caesaris]
951 3065 1042 3128 Gaius
1054 3065 1177 3147 Oppius,

160 3158 246 3236 quasi
272 3156 359 3236 plane
387 3154 559 3216 defensione
586 3172 620 3215 ac
646 3156 812 3236 patrocinio
840 3172 890 3216 res
922 3163 1036 3234 egeret,
1066 3154 1177 3216 librum
1190 3171 1221 3212 aa

160 3244 262 3325 edidit,
285 3261 345 3305 non
370 3259 436 3303 esse
459 3242 594 3304 Caesaris
617 3242 719 3324 fliium,
743 3261 832 3323 quem
855 3242 1011 3323 Cleopatra
1035 3244 1122 3305 dicat.

287 3358 336 3414 DE
355 3358 444 3414 VITA
461 3357 605 3416 PRIORIS
623 3357 797 3414 amicant
815 3359 1046 3416 FRAGMENTA

246 3465 276 3535 i.
304 3471 421 3534 acras.
437 3474 458 3534 I
468 3492 499 3551 p.
513 3473 583 3534 147
595 3475 633 3534 K.
649 3471 763 3554 Oppius
778 3505 815 3517 -
830 3471 887 3551 [fr.
902 3471 953 3554 4],
967 3473 1048 3535 idem
1062 3473 1099 3534 de
1112 3475 1177 3536 uita

157 3563 268 3642 prioris
291 3560 435 3623 Africani:
459 3557 622 3640 ‘Opinante
645 3557 767 3639 uulpu'.
