2638 4056
182 237 249 306 202
360 237 392 304 o.
412 196 511 292 anan
528 234 734 294 rvaneoms
771 233 909 332 aaron.
928 239 1025 292 a-as.

181 391 223 452 lta
246 406 302 450 nec
326 385 574 467 dissimulantem,
604 386 676 467 quid
698 384 812 466 mallet,
839 403 895 447 nec
924 392 1077 464 petentem
1099 391 1200 448 tamen

181 476 308 540 aedilem
331 475 467 538 curulem
490 493 559 538 oum
582 474 614 536 L.
636 474 756 555 Papisio
780 472 909 537 Cursore
931 473 1051 536 lactum.

537 609 592 666 EX
614 609 740 666 LIBRO
764 608 844 664 VIIII

120 707 174 788 iffi
273 701 307 770 8.
334 707 405 769 Geli.
428 706 492 767 VII
500 707 523 767 3
545 705 664 767 Tubero
688 707 720 766 in
742 705 877 767 historiis
900 707 1045 786 scriptum
1069 703 1200 784 reliquit,
1310 725 1313 800 j

120 794 261 858 scabello
285 797 383 876 primo
406 795 535 858 Poenico
558 794 681 857 Atilium
704 793 850 874 Regulum
874 793 1028 856 consulem
1050 795 1082 855 in
1099 791 1198 854 Africa

182 886 289 947 castris
317 885 396 965 apud
423 883 586 964 Bagradam
617 883 729 946 flumen
761 885 883 966 positis,
912 883 1059 963 proelium
1086 881 1228 962 grandes

182 980 272 1053 atque
295 992 364 1035 acre
387 974 495 1036 iecisse
518 974 664 1036 aduersus
686 991 781 1036 unum
804 981 974 1053 serpentem
993 975 1023 1034 in
1046 971 1105 1034 ritis
1123 970 1198 1032 Iocis

182 1060 381 1126 stabulantem
403 1064 572 1124 inuisitatae
600 1063 797 1144 inmanitatis,
819 1079 948 1144 eumque
975 1071 1082 1141 magna
1104 1061 1198 1122 totius

182 1153 333 1215 exercitus
352 1151 541 1214 conssietIone
559 1149 674 1212 balistis
693 1159 782 1232 atquc
801 1151 959 1232 catapultis
977 1151 1029 1214 dia
1048 1166 1198 1230 oppugna-

181 1247 260 1321 tum,
288 1241 413 1325 eiusque
440 1239 591 1302 interlecti
618 1241 733 1302 corium
760 1239 881 1321 longum
908 1240 1001 1322 pedes
1024 1246 1145 1302 centnm
1168 1246 1198 1300 et

182 1330 290 1409 uiginti
312 1328 436 1390 Romam
459 1330 584 1390 misisse.
1214 1345 1241 1386 ro
1312 1393 1313 1398 ἵ

119 1433 172 1484 250
271 1411 331 1480 9*.
363 1419 435 1481 Geli.
457 1418 521 1478 VII
535 1417 601 1498 4,2
627 1415 764 1479 Eundem
787 1417 935 1498 Regulum
958 1415 1076 1480 Tubero
1099 1418 1131 1480 in
1154 1416 1198 1479 hi·
1312 1413 1313 1464 l

118 1505 285 1584 {materiis
311 1506 425 1568 redisse
453 1505 661 1586 Carthaginem
689 1509 836 1588 nouisque
861 1505 1072 1586 exemplorum
1101 1506 1198 1570 modis
1253 1590 1259 1597 ⁸
1307 1559 1313 1584 ,

182 1597 387 1657 excruciatum
409 1613 425 1656 a
443 1594 553 1656 Poenis
576 1595 662 1657 dtctt:
684 1594 718 1657 In
740 1605 828 1676 atras,
853 1597 960 1676 inquit,
982 1603 1013 1657 ct
1034 1595 1197 1676 profundas

181 1683 321 1745 tenebras
344 1701 413 1746 cum
436 1683 614 1756 claudebant
635 1703 669 1747 ac
693 1685 745 1747 diu
767 1693 849 1766 post,
873 1684 926 1748 ubi
953 1691 1017 1746 erat
1043 1686 1129 1746 uisos
1152 1683 1198 1746 sol

182 1771 422 1853 ardentissimus,
445 1783 569 1853 repente
597 1773 764 1836 educebant
791 1787 822 1836 et
844 1774 989 1836 aduersus
1017 1775 1096 1835 ictus
1124 1773 1196 1834 solis
1211 1789 1239 1832 15
1312 1773 1313 1850 ξ

181 1863 352 1940 oppositum
374 1861 567 1924 continebant
588 1872 678 1942 atque
706 1863 861 1924 intendere
889 1864 920 1923 in
951 1861 1066 1924 caelum
1093 1860 1196 1924 oculos
1312 1911 1313 1924 ,

181 1949 334 2029 cogebant.
364 1949 521 2031 palpebras
545 1968 664 2032 quoqne
688 1953 762 2032 eius,
784 1969 823 2012 ne
842 1953 984 2013 conluere
1002 1959 1112 2032 posset,
1132 1969 1196 2014 sur·
1312 1947 1313 2018 l

175 2055 249 2102 sum
272 2058 306 2101 ac
328 2038 469 2102 deorsum
493 2040 629 2102 diductas
652 2039 818 2102 insuebant.
842 2035 897 2124 (cf.
916 2041 1013 2103 ludit.
1025 2040 1069 2118 fr.
1082 2033 1128 2124 5.)

536 2176 591 2231 EX
613 2174 739 2232 LIBRO
762 2173 841 2230 XIIII

271 2262 330 2331 10.
354 2270 549 2332 Namnasa.
564 2272 748 2332 luxuriabat
755 2289 786 2348 p.
801 2270 865 2332 481
888 2271 1007 2333 Tubero
1024 2270 1101 2332 Iibro
1114 2270 1196 2333 XIIII
1312 2319 1313 2326 ,

105 2381 112 2398 ¹
180 2356 388 2420 historiarum:
410 2357 483 2420 Pars
506 2362 604 2422 omnis
627 2358 803 2421 luxuriabat.
1209 2376 1237 2418 ao

412 2490 598 2550 INOERTAE
617 2492 719 2548 sums
737 2492 963 2550 FRAGMENTA

272 2580 345 2651 10⁸.
373 2589 455 2650 Suet.
474 2588 557 2650 Caes.
572 2587 618 2650 56
640 2587 800 2670 Feruntur,
813 2597 849 2651 ut
862 2591 904 2652 ait
922 2591 954 2662 Q.
970 2587 1099 2672 Tubero,
1114 2599 1144 2652 et
1158 2589 1194 2652 ab

181 2674 403 2760 adulescentulo
427 2674 522 2754 [Iulio
544 2676 690 2756 Caesare]
721 2677 865 2758 quaedam
888 2679 1012 2758 scrIpta,
1036 2686 1070 2740 ut
1092 2674 1195 2741 laudes

180 2763 332 2845 Herculis,
354 2764 507 2844 tragoedia
530 2765 675 2848 Oedipus,
698 2769 769 2829 item
793 2763 1082 2829 dIctacoIlectanea.
1120 2785 1195 2850 quos

181 2855 277 2915 omnis
300 2853 416 2915 libellos
439 2857 537 2916 uetuit
559 2857 710 2936 Angustus
732 2854 888 2934 publicari.

271 2935 329 3004 11.
357 2943 438 3004 Suet.
470 2943 553 3007 Caes.
576 2945 620 3006 83
646 2941 775 3014 Quintus
798 2941 917 3006 Tubero
940 2943 1032 3006 tradit
1054 2943 1195 3008 heredem
1208 2960 1235 3001 2⁵

180 3030 217 3091 ab
239 3047 277 3091 eo
296 3029 390 3110 [Iulio
408 3031 553 3110 Caesare]
585 3031 677 3093 scribi
705 3031 826 3093 solitum
849 3051 885 3094 ex
913 3033 1069 3098 consulatu
1100 3035 1195 3115 ipsias

179 3121 277 3199 primo
299 3137 396 3200 nsque
419 3120 456 3182 ad
480 3122 599 3183 initium
617 3119 808 3182 ciuilis-belii
827 3119 879 3184 Cn.
897 3119 1081 3207 PompeIum,
1104 3124 1194 3206 idque

180 3207 325 3269 militibus
349 3227 403 3289 pro
427 3211 565 3270 contione
588 3211 755 3272 recitatum.

271 3291 329 3359 lt.
357 3297 467 3359 Donat.
482 3299 514 3359 iu
533 3297 649 3361 Terent.
665 3299 786 3362 Pborra.
801 3300 841 3361 ΙΙ
849 3300 877 3374 1,
891 3301 938 3360 57
960 3298 1094 3363 Tubero:
1117 3301 1194 3364 Hinc

179 3384 211 3445 in
229 3384 419 3449 millesimum
438 3404 548 3450 annum
567 3405 670 3450 eorum
690 3387 838 3450 columine
857 3389 965 3450 ciuitas
983 3389 1193 3452 continebitur.
1207 3406 1233 3448 oo

270 3467 329 3539 13.
358 3476 765 3539 Seru.aaAen.1111390
787 3475 921 3539 Tubero:
943 3475 1017 3540 Nam
1041 3478 1192 3560 deliuquat

179 3569 230 3623 ant
253 3571 375 3643 superet
397 3561 508 3642 aliquid
531 3564 594 3626 tibi.

1306 3055 1313 3094 t
