2620 4054
406 244 505 301 Tusa.
525 251 604 303 2-3.
639 243 775 300 FRAGM.
796 251 873 300 1-3.
1081 245 1147 314 313

131 392 288 458 Heluidius
307 413 395 474 posse
414 397 502 456 etiam
521 393 692 457 Marcellum
711 394 870 473 prosterni.
906 395 997 474 igitur
1021 411 1038 455 a
1061 392 1147 458 laude

132 482 230 545 Cluuii
252 483 320 546 liuli
343 502 439 564 orsus,
463 486 515 563 qni
537 483 662 562 perinde
685 482 771 545 diues
798 490 830 544 et
852 483 1022 564 eloquentia
1049 483 1148 546 clarus

131 571 206 634 nulli
228 591 369 652 umquam
400 572 455 634 sub
478 572 596 634 Nerone
618 571 786 652 periculum
809 570 994 652 lacessisset,
1022 575 1147 634 crimine

133 660 221 765 simul
255 660 448 742 exemploque
477 661 602 742 Eprium
636 659 783 740 urguebat
821 661 995 723 ardentibus
1028 670 1147 742 patrum

5 781 21 828 Ρ
97 767 294 916 dflllllrll'ep.
315 839 415 901 VIIII
424 839 509 915 19,5
545 839 612 919 lpse
636 857 703 900 sum
726 841 821 920 testis,
844 838 1028 903 familiariter
1051 840 1088 901 ab
1112 769 1174 900 eo⁵

135 925 299 1006 [Vereinio
309 927 392 1005 Ruso
406 945 465 990 cos.
476 929 527 989 63.
537 928 610 989 816.
636 928 687 989 69.
698 928 770 1003 822,
789 931 843 1004 qut
854 935 991 989 mortuus
1005 947 1026 989 o
1043 927 1148 991 Tacito

132 1020 256 1078 consule
278 1019 422 1078 laudatus
445 1017 503 1095 est]
526 1016 654 1079 dilectus
676 1016 889 1098 probatusque,
912 1016 1004 1078 semel
1026 1019 1147 1077 omuino

132 1123 180 1166 me
204 1105 344 1170 audiente
366 1114 554 1188 prouectum,
576 1114 610 1169 nt
637 1106 675 1167 de
702 1105 795 1166 rebus
818 1108 881 1166 suls
904 1106 962 1167 boo
983 1124 1077 1167 unum
1100 1124 1146 1167 re·

133 1193 239 1275 lerret,
268 1197 308 1255 lta
332 1213 434 1258 secum
457 1194 614 1277 diquandp
643 1194 781 1257 Cluuium
804 1194 937 1257 locutum
965 1189 1053 1276 ‘Scis
1077 1194 1146 1256 Ver·
1160 1215 1188 1256 ro

132 1284 203 1364 gini,
227 1302 303 1364 quae
326 1284 467 1346 historiae
491 1285 565 1348 fides
589 1283 746 1346 debeatur:
773 1283 899 1363 proinde
927 1284 1025 1364 siquid
1049 1286 1080 1344 in
1103 1283 1147 1346 bi

133 1375 234 1434 storiis
257 1375 332 1434 meis
355 1373 429 1452 legis
452 1375 537 1435 aliter
560 1393 595 1436 ac
618 1373 703 1454 uelis,
726 1392 799 1453 rogo
826 1368 984 1452 ignoscas?
1029 1373 1067 1434 ad
1089 1373 1146 1436 boo

2 1486 3 1491 ¹
132 1460 196 1522 ille:
221 1458 317 1523 ‘Tune
340 1464 468 1544 ignotae,
491 1462 591 1543 Cluui,
619 1463 687 1524 ideo
710 1481 758 1524 me
781 1463 888 1524 iecisse
912 1462 991 1541 quod
1015 1462 1086 1544 leci,
1114 1470 1147 1523 ut

133 1558 214 1612 esset
236 1551 364 1612 liberum
387 1551 475 1613 nobis
498 1551 631 1614 scribere
655 1571 730 1632 quae
754 1547 928 1613 libuisset'l'

384 1695 638 1753 HISTORIARVM
655 1695 892 1752 FRAGMENTA.

224 1801 282 1869 1²¹³.
310 1807 380 1870 Tac.
400 1827 471 1871 ann.
490 1811 581 1872 XIII
593 1810 641 1870 20
680 1809 794 1871 Plinius
822 1807 879 1886 [fr.
898 1807 934 1886 5]
962 1816 992 1869 et
1022 1806 1147 1870 Cluuius
1155 1805 1210 1886 ,δὲ

131 1893 207 1956 nibil
218 1894 386 1958 dubitatum
400 1896 436 1959 de
451 1897 509 1959 fide
522 1899 667 1977 praelecti
677 1897 802 1976 [Bttrri]
814 1898 957 1959 referunt.
967 1898 1145 1974 uldpdlo.
1156 1895 1209 1946 808

133 1981 187 2060 (of.
206 1985 280 2045 Fae.
300 1985 386 2046 Rust.
402 1985 445 2062 [ν.
464 1981 507 2065 1.)

224 2067 282 2134 2*.
310 2073 380 2135 Tac.
395 2091 465 2135 ann.
480 2076 589 2136 XIIII
597 2075 620 2136 2
640 2075 743 2136 Tradit
757 2074 882 2136 Cluuius
896 2074 1002 2136 ardore
1017 2075 1146 2136 retinen·
1155 2073 1210 2154 2⁹-

134 2160 187 2224 dae
210 2162 404 2242 Agrippinam
431 2165 581 2242 potentiae
605 2182 640 2224 eo
664 2183 759 2244 nsque
782 2171 970 2244 prouectum,
992 2169 1026 2224 ut
1049 2161 1210 2228 medio812

1 2251 2 2268 ¹
133 2249 202 2331 diei,
221 2269 290 2312 cum
313 2250 343 2312 id
362 2254 505 2332 temporis
524 2251 603 2314 Nero
622 2271 676 2332 per
695 2256 799 2317 ninum
818 2261 848 2314 et
867 2251 969 2334 epulas
987 2250 1146 2316 incalesce·
1160 2266 1187 2307 ro

132 2348 188 2422 ret,
211 2340 334 2404 offerret
356 2358 388 2402 se
412 2342 532 2421 saepius
554 2340 718 2402 temulento
738 2349 885 2421 comptam
906 2350 939 2404 et
959 2342 1074 2406 incesto
1097 2359 1147 2420 pa·

132 2436 235 2492 ratam.
276 2431 396 2510 iamque
419 2428 530 2494 lasciua
553 2431 654 2494 oscula
678 2438 708 2492 et
726 2433 917 2510 praenuntias
940 2429 1044 2510 liegidi
1067 2429 1148 2492 blan·

133 2516 220 2578 ditias
252 2518 462 2582 adnotantibus
494 2521 638 2599 proximis
671 2519 814 2582 Senecam
846 2527 950 2581 contra
986 2517 1148 2584 muliebres

132 2603 298 2668 inlecebras
336 2606 503 2672 subsidium
539 2628 556 2669 a
592 2609 701 2672 lemine
732 2609 894 2688 polluisse,
934 2608 1147 2685 inmissamque

132 2694 227 2762 Acten
245 2693 391 2776 libertam,
410 2714 485 2776 quae
504 2698 594 2760 simul
612 2717 667 2760 suo
685 2695 819 2777 periculo
839 2704 869 2758 et
887 2696 1006 2758 infamia
1020 2694 1147 2756 Neronis
1160 2708 1187 2749 ra

1 2809 2 2822 2
133 2785 218 2846 auxia
237 2783 369 2844 deferret
391 2786 601 2866 peruulgatum
620 2804 686 2848 esse
709 2788 856 2848 incestum
879 2783 1025 2866 gloriante
1045 2791 1147 2858 matre,

1 2885 2 2938 ξ
133 2889 189 2934 nec
213 2870 392 2935 toleraturos
415 2873 524 2937 milites
542 2876 660 2955 prolani
686 2875 832 2956 principis
854 2875 1022 2952 imperium.
1041 2904 1086 2916 -
1103 2904 1148 2914 —-

133 2958 192 3021 Sed
219 2979 295 3041 quae
324 2960 461 3045 Cluuius,
490 2963 593 3027 eadem
620 2965 715 3026 ceteri
741 2980 860 3044 quoque
888 2971 1026 3025 auctores
1048 2960 1147 3039 prodi·
1207 3012 1209 3018 .

133 3047 213 3131 dere,
238 3057 268 3112 et
290 3049 367 3114 lama
389 3050 449 3113 huc
473 3052 616 3135 inclinat„
628 3047 682 3134 (os.
702 3053 776 3114 Fob.
795 3053 882 3114 Rust.
898 3050 940 3128 [ν.
960 3043 1006 3134 2.)

224 3132 284 3200 3²¹³.
308 3139 388 3202 Plut.
413 3141 519 3204 Oeb3
550 3135 584 3204 ‘0
606 3146 723 3222 Καῖσαρ
752 3135 841 3214 αὐτὸς
866 3137 972 3218 [Ollio]
996 3138 1075 3212 ἰδίοις
1102 3136 1211 3218 &pff

132 3240 210 3314 θρος
232 3231 335 3300 οὐδενὶ
356 3233 532 3319 τοπαράπαν
554 3233 786 3320 ἐμνησικάκησε,
813 3243 874 3312 τοῖς
897 3235 931 3302 δέ
952 3241 1072 3310 πολλοῖς
1094 3227 1209 3316 por-⁸²²

134 3326 285 3413 ριζόμενος
312 3329 368 3398 οὐκ
398 3334 505 3418 ἔφευγε
531 3331 564 3398 τὸ
586 3338 704 3415 πρῶτον
731 3333 765 3397 έν
791 3341 852 3409 τοῖς
873 3329 1011 3416 θεάτροις
1038 3331 1147 3415 Νέρων

131 3427 416 3514 προσαγορεύεσθαι,
439 3434 492 3496 κοιλ
507 3457 597 3496 τινοιν
621 3428 738 3508 εἰκόνας
755 3430 900 3514 Νέρωνος
919 3433 961 3509 εἰς
977 3428 1148 3513 τούμφανὲς

131 3527 327 3608 προθεμένων
355 3525 411 3592 σιἰκ
433 3524 568 3594 inclinor.
619 3526 776 3612 Κλούβιος·
797 3526 830 3592 δὲ
856 3534 977 3609 Ροῦφος
1004 3531 1047 3605 εἰς
1070 3525 1146 3612 Ἰβη-

1 3617 2 3646 ¹
132 3626 201 3706 ρίαν
223 3625 298 3706 φησὶ
320 3630 502 3708 κομισθῆναι
516 3623 697 3710 διπλώματα,
711 3623 756 3703 οἷς
773 3626 954 3709 ἐκπέμπουσι
971 3623 1041 3703 τοὺς
1058 3651 1147 3711 γρομ-
1161 3647 1188 3690 sa
