2638 4056
189 245 255 311 242
283 246 314 303 L.
326 245 426 302 CALP.
437 242 554 300 BIBVL.
569 243 670 300 TEST.
680 242 815 299 FRAGM.
831 241 969 298 EMPYLI
983 240 1082 298 TEST.
1093 248 1118 298 1.

362 399 409 482 L.
443 394 768 485 CALPVRNIVS
800 394 1024 484 BIBVLVS

224 527 309 598 (filius
327 527 443 583 Porciae
463 529 492 582 ei
510 544 565 584 cos.
581 545 605 583 a.
621 532 663 584 59.
680 533 740 598 695,
759 545 870 599 pugnae
884 527 1061 599 Philippensi
1076 527 1166 584 inter-

223 597 287 670 fuit,
306 615 379 655 anno
397 598 455 655 fere
475 605 517 654 31.
538 600 814 741 λυῗηυέρρλίρωρεὲἒρὸ
834 617 897 655 cum
921 599 1031 670 legatus
1049 598 1167 656 Anionii

325 776 579 835 GONMENTARII
596 775 646 830 DE
664 776 788 832 BRVTO
809 775 1069 833 TESTIMONIVM

154 869 185 939 l.
209 873 288 936 Plut.
306 875 394 936 Brut.
408 875 450 935 13
472 875 537 935 Καί
551 896 578 935 τι
595 872 744 954 βιβλίδιον
761 865 868 955 μικρὸν
886 867 1203 955 ἀπομνημονευμάτων

184 964 320 1051 Βρούτου
342 969 544 1054 γεγραμμένον
566 963 618 1032 ὑπ’
644 964 737 1032 αι’ποῦ
760 969 793 1048 [ω
811 971 934 1050 Bibulo]
961 967 1138 1045 διασώζεται.
1206 994 1211 1013 ’-

563 1086 824 1143 FRAGMENTVM

120 1177 176 1257 fl
276 1181 308 1249 l.
333 1189 412 1247 Ρίνί.
430 1186 518 1247 Brut.
536 1185 580 1245 23
598 1179 681 1262 Ἤδη
705 1179 737 1244 δὲ
759 1188 819 1246 τῶν
841 1182 896 1265 μὲν
918 1180 958 1260 ῶς
977 1187 1125 1267 Καίσαρα,
1142 1191 1201 1249 τῶν
1303 1173 1304 1182 ¹

122 1266 174 1317 ⁷¹⁰
185 1278 214 1345 δ’
241 1277 281 1358 ῶς
299 1278 459 1346 Ἀντῶνιον
483 1279 677 1362 διισταμένων
694 1310 739 1324 -·-
757 1278 927 1345 παντάπασι
954 1279 1118 1368 καταγνούς
1140 1282 1200 1348 τῶν
1303 1347 1304 1372 3

182 1375 363 1462 πραγμάτων
383 1377 524 1458 [Brutus]
549 1378 625 1461 ἔγνω
648 1383 820 1443 καταλιπεῖν
839 1376 965 1443 Ἰταλίαν
983 1379 1034 1444 καλ
1055 1383 1128 1466 πεζῇ
1149 1378 1228 1446 διάε
1303 1373 1304 1436 i

182 1479 354 1552 Λευκανίας
377 1478 419 1552 εἰς
437 1472 542 1539 Ἐλέαν
564 1475 614 1538 ἐπὶ
634 1471 792 1539 θάλασσαν
813 1467 893 1560 ἧκεν.
923 1473 1018 1540 Ὅθεν
1039 1473 1059 1559 ἡ
1083 1481 1201 1560 Πορκίᾳ
1302 1511 1304 1568 ,

183 1567 327 1655 μέλλουσα
358 1569 448 1637 πάλιν
478 1575 519 1649 εἰς
547 1569 664 1655 Ῥῶμην
696 1571 919 1657 ἀποτραπέσθαι
950 1572 1114 1641 λανθάνειν
1147 1574 1201 1658 μὲν
1303 1583 1304 1640 λ

183 1673 317 1756 ἐπειρᾶτο
340 1678 514 1753 περιπαθῶς
537 1673 658 1755 ἔχουσα·
681 1669 782 1758 γραφὴ
806 1673 840 1737 δέ
862 1700 905 1751 τις
927 1671 1022 1757 αὐτὴν
1044 1672 1200 1758 προύδωκε

181 1761 272 1834 τάλλα
294 1773 437 1855 γενναίαν
455 1762 557 1836 οὖσαν.
583 1758 625 1853 ἦν
641 1769 699 1858 γάρ
721 1773 754 1836 ἐκ
776 1778 834 1836 τῶν
848 1768 1032 1854 Ἑλληνικῶν
1056 1769 1200 1851 διάθεσις,

180 1864 428 1950 προπεμπόμενος
450 1864 566 1951 Ἦιτωρ
593 1863 653 1933 ὑπὸ
674 1865 877 1953 Ἀνδρομάχης
905 1870 1099 1953 κομιζομένης
1126 1865 1197 1952 παρ’
1215 1897 1243 1937 10

181 1961 274 2031 αὐτοῦ
302 1961 333 2030 τδ
358 1967 493 2046 παιδίον,
522 1967 627 2052 ἐκείνῳ,
653 1965 686 2030 δὲ
714 1963 965 2050 προσβλεπούσης.
1004 1973 1095 2032 ταῶτα
1121 1975 1200 2031 θεω-

181 2063 276 2146 μένην
292 2060 347 2145 τὴν
361 2066 503 2145 Πορκίαν
516 2059 536 2145 ἡ
555 2070 607 2128 τοῶ
626 2062 756 2157 πάθουςΙ
767 2062 856 2131 εἰκῶν
869 2065 1001 2148 ἐξέτηξεν
1016 2069 1056 2144 είς
1069 2064 1199 2148 δάκρυα·
1304 2127 1305 2130 ,

181 2161 232 2224 καλ
254 2157 394 2236 πολλάκις
416 2166 550 2241 φοιτῶσα
571 2167 623 2244 τῆς
645 2159 756 2245 ἡμέρας
774 2166 895 2229 ἔκλαιεν.
923 2161 1051 2230 Ἀκιλίου
1071 2164 1104 2229 δέ
1120 2189 1200 2241 τινος
1304 2173 1305 2244 3

99 2275 102 2282 '
179 2264 239 2322 τῶν
262 2255 398 2340 Βρούτου
428 2260 525 2340 φίλων
547 2255 582 2322 τά
604 2257 680 2342 πρὸς
694 2259 823 2346 Ἕκτορα
844 2268 896 2344 τῆς
915 2258 1117 2344 Ἀνδρομάχης
1142 2262 1199 2342 ἔπη

181 2353 352 2432 διελθόντος

238 2449 358 2534 Ἕκτορ,
382 2448 455 2536 άτάρ
479 2450 517 2517 σύ
539 2479 589 2535 μοι
612 2455 674 2518 ἐσσί
698 2455 799 2540 πατὴρ
821 2456 871 2520 καί
892 2453 1000 2519 πότνια
1023 2451 1117 2538 μήτηρ

246 2548 302 2634 ἠδὲ
324 2553 514 2635 κασίγνητος,
537 2549 575 2616 σύ
598 2554 632 2617 δέ
656 2578 705 2636 μοι
729 2551 855 2635 θαλερὸς
877 2555 1075 2636 παρακοίτης,

180 2646 334 2731 μειδιάσας
357 2645 374 2713 δ
398 2654 541 2732 Βρούτοςι
566 2647 661 2714 “Ἀλλ’
683 2649 739 2715 οὐκ
761 2651 828 2733 ἐμοί
847 2647 895 2736 γ”
918 2645 985 2715 εἶπε
1008 2648 1100 2733 επρὸς
1118 2657 1197 2735 Πορ-

179 2749 249 2812 κίαν
271 2748 364 2812 ἔπεισι
388 2743 484 2828 φάναι
505 2744 541 2810 τά
563 2754 616 2812 τοῦ
630 2741 785 2828 Ἕκτοροςε
809 2743 920 2817 εἹστόν
943 2745 968 2812 τ’
994 2745 1146 2832 ἠλακάτην
1168 2775 1198 2814 τε

178 2846 228 2909 καί
256 2841 452 2927 ἀμφιπόλοισι
479 2842 602 2909 κίλευεῆ
640 2841 772 2927 σῶματος
800 2841 858 2930 γάρ
887 2841 1076 2912 ἀπολείπεται
1108 2844 1198 2928 φύσει
1213 2872 1244 2915 εο

177 2948 238 3007 τῶν
259 2945 333 3006 ίσων
360 2938 654 3027 ἀνδραγαθημάτων,
680 2939 786 3028 γνῶμη
809 2941 840 3006 δ’
865 2939 941 3026 ὑπὲρ
967 2951 1019 3028 τῆς
1046 2946 1197 3028 πατρίδος,

178 3038 276 3123 ῶσπερ
302 3037 403 3122 ἡμεῖς,
432 3037 600 3124 ιἰριστεύει’.
639 3044 738 3103 Ταῦτα
764 3041 825 3123 »μὲν
853 3039 869 3108 ὁ
896 3049 948 3126 τῆς
971 3046 1104 3128 Πορκίας
1131 3039 1200 3118 υίὸς

178 3136 312 3221 ἱστόρηκε
334 3134 460 3219 Βύβλος.
1142 3171 1146 3179 ·

565 3285 806 3374 EMPYLVS

490 3416 604 3472 BRVTI
622 3416 879 3474 TESTIMONIVM

143 3510 176 3580 l.
200 3517 278 3577 Ρίιιί.
300 3512 386 3574 Brut.
405 3512 427 3572 2
457 3505 491 3574 Ὁ
514 3507 542 3572 δ’
560 3508 727 3592 Ἔμπυλος,
751 3503 788 3575 οὗ
811 3513 861 3575 καλ
884 3509 972 3592 αύτδς
997 3515 1138 3595 [Brutus]
1164 3515 1199 3578 ἐν

176 3618 240 3687 ταῖς
267 3609 431 3685 ἐπιστολαῖς
457 3608 508 3672 καί
534 3610 567 3672 οἱ
591 3612 673 3689 φίλοι
701 3609 862 3691 μέμνηνται
888 3609 1030 3689 πολλάκις
1058 3608 1097 3688 ῶς
1125 3631 1198 3695 συμ-
1214 3629 1246 3670 ευ
