2640 4052
430 259 661 316 FRAGMENTA
681 267 778 316 5-12.
1067 261 1112 326 45

93 415 125 469 et
142 407 324 470 Mezentium
342 407 434 488 hella,
458 409 510 470 sed
530 427 581 470 ecs
601 409 745 490 singulari
763 411 926 471 certamine
945 409 1111 472 dimicasse.

93 523 137 546 ==
154 499 269 576 Hypin.
280 496 345 573 soh.
360 497 431 558 200
453 497 612 579 Anchises,
631 497 702 560 licet
725 499 892 560 secundum
910 497 1051 560 Catonem
1075 498 1111 559 ad

92 585 208 648 ltaliam
226 589 354 648 uenerit.
387 588 475 648 Seru.
491 590 535 648 ud
546 588 620 650 Aen.
636 588 738 648 1570
765 587 799 648 ln
818 587 875 649 hoc
894 594 993 649 autem
1010 595 1111 649 monte

93 673 261 754 [Erycino]
291 676 402 737 dicitur
436 677 525 736 etiam
553 676 699 737 Anchises
727 675 877 758 sepultus,
904 675 975 738 licet
1007 694 1111 738 secun-

93 764 165 825 dum
188 762 332 826 Catonem
355 765 391 826 ad
412 763 526 826 ltaliam
543 767 670 826 uenerit.
694 769 738 827 ud
759 765 918 826 1111427
951 765 1139 827 Sciendum⁵

92 871 165 914 sane
188 853 390 916 —Catonem
409 886 453 896 —
476 853 646 935 adfirmare,
670 854 749 934 quod
772 854 918 916 Anchises
941 853 979 915 al
999 853 1113 916 ltaliam

92 943 222 1004 uenerit.
264 945 308 1003 ud
329 944 387 1004 III
409 943 469 1003 711
501 941 573 1004 Cato
601 962 670 1004 eum
692 946 725 1005 in
748 943 915 1022 originibus
939 943 975 1004 ad
998 943 1113 1004 ltaliam

93 1033 215 1092 uenisse
240 1031 336 1092 docet.

185 1123 268 1190 10²².
292 1132 381 1192 Seru.
396 1133 440 1191 ad
452 1131 525 1192 Aen.
542 1131 617 1191 IIII
629 1131 697 1191 020
720 1128 791 1190 Cato
807 1128 890 1209 dixit,
903 1130 986 1189 iuxta
1000 1127 1111 1189 Lauro-

93 1216 238 1278 lauinium
254 1237 323 1279 cum
337 1219 453 1280 Aeneae
472 1221 546 1280 socii
564 1219 690 1298 praedas
709 1226 840 1300 agerent,
863 1216 1011 1297 proelium
1030 1236 1111 1279 com·
1126 1234 1152 1274 ιο

92 1308 228 1388 missum,
242 1309 275 1368 in
289 1327 349 1388 quc
359 1308 483 1369 Latinus
498 1310 616 1370 occisus
626 1316 681 1389 est,
695 1309 772 1386 iugit
781 1307 915 1369 Turnus:
930 1314 961 1368 et
974 1305 1112 1368 Mezentii

93 1395 203 1457 auxiho
228 1404 389 1476 conparato
413 1399 571 1458 renouauit
593 1396 753 1478 proelium,
785 1414 844 1476 quc
868 1399 968 1457 uictus
991 1395 1111 1475 quidem

93 1491 140 1546 est
169 1485 207 1546 ah
234 1484 346 1566 Aenea,
374 1487 427 1566 qui
454 1493 553 1548 tamen
581 1482 724 1566 [Aeneas]
757 1487 789 1546 in
816 1487 883 1565 ipso
910 1483 1023 1563 prceho
1051 1479 1126 1545 non

92 1576 260 1653 conparuit.
283 1575 429 1636 Ascanius
444 1593 517 1636 uero
531 1583 635 1654 postea
644 1574 823 1636 Mezentium
836 1575 997 1635 interemit.
1017 1601 1059 1624 =
1069 1576 1114 1635 ud

99 1664 201 1724 VIIII
213 1664 280 1723 745
311 1663 344 1724 Si
361 1666 520 1725 ueritatem
538 1664 681 1726 historiae
695 1666 854 1748 requiras,
877 1665 973 1742 primo
997 1661 1152 1742 proelium

92 1754 294 1832 interemptus
307 1751 432 1814 Latinus
455 1760 501 1814 est
519 1755 551 1814 iu
569 1756 642 1815 acie.
678 1753 757 1832 inde,
776 1752 829 1814 ubi
842 1751 963 1814 'l'urnus
981 1752 1112 1812 Aeneam

92 1841 170 1902 uidit
199 1843 399 1922 superiorem,
425 1841 564 1903 Mezentii
592 1841 764 1922 implorauit
791 1841 941 1903 auxilium.
979 1840 1111 1902 secundo

93 1929 208 2009 proelio
232 1929 353 1992 Turnus
376 1933 494 1992 occisus
518 1940 577 2014 est,
597 1939 627 1993 et
645 1930 737 1992 nihilo
756 1932 856 1990 minus
874 1931 989 1991 Aeneas
1007 1937 1112 2008 postea

94 2037 154 2080 non
178 2021 355 2099 comparuit.
391 2022 481 2082 tertio
500 2020 614 2100 proelio
632 2019 810 2081 Mezentium
829 2018 939 2079 occidit
957 2018 1111 2079 Ascanius.

93 2107 151 2170 hoc
174 2107 281 2170 Liuius
306 2108 341 2186 [I
354 2108 388 2188 2]
413 2109 486 2170 dicit
510 2119 540 2170 et
563 2109 634 2171 Cato
657 2111 689 2169 in
712 2106 886 2187 originibus.
1125 2122 1152 2162 so

186 2200 295 2268 11**.
320 2207 409 2267 Seru.
424 2209 554 2270 odrico.
575 2207 703 2267 V1760
729 2206 854 2285 Aeneas,
876 2212 911 2266 ut
934 2203 1005 2282 Catp
1029 2203 1112 2285 dixit,

94 2294 220 2356 simulac
235 2297 320 2356 uenit
334 2297 365 2355 in
379 2294 506 2377 ltaliam,
521 2295 674 2357 Lauiniam
689 2297 804 2374 accepit
822 2312 960 2354 uxorem,
987 2301 1112 2373 propter

94 2384 174 2464 quod
194 2382 316 2445 Turnus
335 2385 429 2446 iratus
448 2393 509 2446 tam
527 2387 558 2445 in
576 2383 716 2446 Latinum
739 2401 827 2464 quam
847 2385 877 2444 in
896 2384 1016 2444 Aenean
1034 2381 1112 2443 hella

94 2474 230 2552 suscepit
257 2491 273 2534 a
296 2471 441 2534 Mezentio
465 2475 631 2554 impetratis
654 2472 779 2534 auxiliis.
803 2507 847 2516 —
875 2471 941 2553 sed,
964 2479 998 2533 ut
1021 2490 1111 2551 supra

94 2561 239 2642 diximus,
253 2563 350 2641 primo
365 2561 443 2623 bello
457 2564 547 2642 periit
560 2561 698 2644 Latinus,
717 2561 849 2623 secundo
863 2563 976 2640 pariter
990 2560 1111 2622 Turnus
1125 2574 1151 2616 2⁵

95 2657 126 2711 et
143 2650 268 2711 Aeneas.
305 2657 409 2728 postea
426 2649 607 2713 Mezentium
625 2652 776 2712 interemit
794 2650 939 2712 Ascanius
957 2657 988 2710 et
1001 2649 1111 2711 Lauro-

94 2738 240 2800 lauinium
254 2740 360 2800 tenuit.
397 2741 484 2800 cuius
498 2740 622 2801 Lauinia
640 2742 749 2801 timens
767 2739 891 2800 insidias
905 2738 1027 2818 grauida
1042 2756 1112 2799 con·

95 2829 172 2907 fugit
195 2828 231 2889 ad
256 2827 348 2888 siluas
371 2836 402 2889 et
429 2827 516 2889 latuit
538 2831 570 2890 in
593 2847 660 2890 casa
683 2831 812 2908 pastoris
835 2828 914 2908 Tyri.
933 2861 977 2870 -
997 2833 1029 2887 et
1050 2826 1111 2887 illic

95 2919 182 2978 enixa
215 2923 262 2976 est
295 2916 430 2978 Siluium.
473 2918 525 2979 sed
553 2937 621 2979 cum
648 2918 794 2978 Ascanius
821 2917 960 2996 flagraret
990 2915 1112 2996 inuidia,

95 3007 236 3067 euocauit
254 3023 415 3066 nouercam
434 3015 465 3066 et
483 3009 512 3067 ei
530 3009 679 3068 concessit
694 3005 947 3086 Laurolauinium,
966 3003 1023 3064 sihi
1037 3022 1111 3065 uero
1125 3020 1152 3061 oo

93 3093 200 3155 Albam
223 3096 388 3156 constituit.
426 3097 641 3175 quiquoniam
664 3097 728 3156 sine
752 3094 856 3156 liberis
877 3095 984 3173 periit,
1008 3092 1111 3173 Siluio,

94 3186 147 3264 qui
171 3185 291 3262 etipse
314 3182 459 3244 Ascanius
482 3184 581 3246 dictus
604 3192 662 3265 est,
686 3203 775 3245 suum
799 3183 922 3263 reliquit
944 3185 1111 3262 imperium.

94 3305 137 3316 -
161 3279 267 3352 postea
291 3270 396 3333 Albani
419 3290 522 3334 omnes
549 3292 636 3353 reges
660 3272 746 3334 Siluii
774 3272 846 3334 dicti
869 3270 998 3333 suntab
1021 3271 1111 3333 huius

85 3363 226 3422 nomine.
268 3355 325 3442 (ex
347 3363 458 3423 Seruio
481 3365 629 3440 mythoqr.
657 3363 751 3424 Vatic.
770 3365 890 3440 primus
909 3380 957 3440 up.
977 3362 1053 3423 Mai.
1072 3365 1109 3424 cl.

93 3457 177 3513 auct.
197 3450 256 3511 III
266 3469 297 3526 p,
316 3451 369 3511 70.
389 3450 429 3527 cf.
446 3451 534 3512 Seru.
554 3455 597 3513 ud
610 3453 631 3511 I
644 3443 737 3534 270.)
1125 3464 1152 3506 os

188 3550 246 3616 12.
270 3556 410 3617 Macroh.
425 3557 489 3617 Sat.
504 3558 659 3636 1115,10
680 3556 788 3618 Veram
807 3557 896 3619 huius
915 3557 1110 3619 contumacis·

95 3647 165 3708 simi
189 3646 320 3707 nominis
350 3644 512 3722 [Mezentii
538 3650 751 3725 contemptores
774 3645 912 3725 deorum]
938 3665 1058 3708 causam
1080 3646 1111 3704 in
1143 3697 1155 3706 .
