2640 4052
430 252 656 310 FRAGMENTA
676 261 789 312 ιιι-αι.
1075 254 1118 320 47

99 401 269 482 signabant,
279 411 411 464 aratrum
421 403 639 484 suspendentes
648 406 729 466 ctron
738 403 802 466 looa
811 412 975 484 portarum.
992 432 1035 456 ==
1046 409 1119 470 Isioi

99 496 179 569 ονλμ.
194 493 231 552 X
235 493 262 552 V
271 490 347 567 2,3
373 492 471 554 Loous
495 493 614 554 futurae
637 495 768 555 ciuitatis
792 493 875 556 sulco
899 494 1120 578 designabatur,

99 581 131 642 id
151 588 199 642 est
212 587 320 642 aratro
345 580 417 643 Cato
432 577 502 652 ‘Qui
515 576 634 643 urbem'
648 584 747 662 inquit
762 579 882 644 ‘nouam
895 584 1013 665 condet,
1032 594 1119 648 tauro

99 677 131 732 et
154 687 248 732 οαοοε
271 677 345 751 aret,
363 669 417 732 ubi
434 672 574 751 orruerit,
592 689 713 734 murum
731 672 829 754 iaciat,
847 671 901 734 ubi
918 682 1035 753 portam
1053 674 1120 736 uult

99 775 177 840 osso,
202 765 335 822 aratrum
358 759 495 821 sustollat
518 767 549 821 et
570 767 670 839 portet
693 768 724 822 ot
745 769 863 842 portum
885 758 994 824 uooot'.
1131 783 1145 824 ι

193 850 277 919 19*.
302 858 387 918 Ιοαα.
402 858 479 935 Lyd.
495 860 534 920 de
547 862 683 935 πορίσαι
700 859 722 918 I
730 859 752 918 5
762 878 794 937 p.
808 858 872 919 125
884 860 940 921 Blc.
964 855 1052 922 Ὥστε
1069 855 1120 923 τό·

99 977 212 1034 ραννος
233 945 273 1036 τ’γν
296 949 312 1018 ὁ
331 949 490 1036 Ῥωμόλος,
508 959 626 1036 πρῶτον
645 954 699 1037 μὲν
716 951 768 1019 τὸν
787 951 920 1036 ἀδελφὸν
938 952 1052 1019 ἀνελάν
1069 957 1120 1020 καλ

98 1047 152 1116 τὸν
174 1053 295 1134 μείζονα
321 1051 371 1116 καί
396 1048 533 1135 πράττων
559 1049 675 1137 ἀλόγως
701 1050 737 1116 τότ
764 1055 994 1135 προσπίπτοντα.
1029 1051 1121 1139 ταάτη

98 1150 151 1213 καλ
164 1154 299 1233 Κυρῖνος
311 1146 542 1234 προσηγορεύθη
562 1150 674 1215 οίνονεί
691 1148 803 1235 κάρτος,
816 1145 875 1215 κάν
893 1153 921 1216 εί
932 1155 1119 1240 Διογενιανῷ

99 1253 139 1335 τῷ
162 1245 364 1334 λεξικογράφμ
384 1245 478 1324 άλλως
497 1249 583 1334 δοκῇ·
607 1245 679 1313 οόδὲ
696 1245 753 1334 γάρ
771 1244 921 1334 ἀγνοήσας
940 1243 1119 1332 ὃῬωμόλος
1133 1271 1159 1312 1o

99 1341 118 1428 ἢ
143 1347 176 1411 οἱ
195 1341 259 1410 κατ’
286 1343 377 1412 αὐτὸν
406 1348 555 1410 δείκνυται
581 1341 644 1410 κατ’
670 1345 765 1410 ἐκεῖνο
788 1350 895 1427 καιροῦ
916 1343 972 1428 τὴν
990 1341 1119 1410 Ἑλλάδα

99 1441 225 1526 φωνήν,
251 1441 307 1526 τὴν
329 1446 456 1509 Αἰολίδα
483 1444 573 1528 λέγω,
602 1439 643 1519 ἀς
669 1462 763 1524 φασιν
790 1440 808 1508 ό
834 1468 863 1508 τε
886 1441 996 1508 Κάτων
1018 1443 1052 1508 ἕν
1078 1450 1118 1533 τῷ

98 1543 167 1625 περί
184 1538 350 1624 Ῥωμαϊκῆς
378 1538 583 1626 ἀρχαιότητος,
605 1537 733 1624 Βάρρων
759 1565 789 1605 τε
817 1536 833 1606 ὁ
860 1542 1119 1624 πολυμαθέστατος

98 1639 132 1704 ἕν
150 1643 318 1725 προοιμίοις
335 1645 395 1704 τῶν
413 1638 487 1724 πρὸς
505 1636 668 1723 Πομπήϊον
686 1637 765 1728 αὐτῷ
783 1639 1003 1724 γεγραμμένων,
1018 1636 1118 1706 rattv-

98 1741 175 1822 δρου
197 1739 249 1802 καί
274 1743 335 1802 τῶν
360 1736 459 1803 ἀλλων
478 1733 632 1820 Ἀρκάδων
659 1740 701 1814 τίς
720 1734 845 1802 Ἰταλίαν
871 1734 1022 1804 ἐλθόντων
1048 1739 1118 1804 ποτὲ
1131 1759 1157 1802 τε

98 1832 227 1918 κοίτην
250 1837 378 1900 Αἰολίδα
400 1842 461 1911 τοῖς
483 1831 646 1917 βαρβάροις
669 1832 884 1918 δνσπειράντων
907 1833 1023 1918 φωνήν.

191 1931 275 1999 20*.
301 1937 374 1999 Geli.
388 1936 510 1997 XVIII
519 1935 569 2011 12,
587 1937 608 1994 7
626 1933 664 1996 Μ.
678 1934 751 1997 Cato
765 1938 796 1996 in
811 1935 990 2014 originibus:
1005 1935 1118 1999 Eodem

99 2043 254 2087 conuenae
278 2024 437 2105 conplures
461 2043 496 2086 ox
521 2042 592 2104 agro
616 2027 841 2086 accessitauere.
879 2042 914 2086 eo
938 2025 987 2087 ris
1013 2043 1118 2087 eorum

99 2116 191 2176 auxit.
215 2114 270 2191 (of.
293 2115 361 2177 Itu.
386 2115 406 2176 I
425 2114 455 2196 8,
478 2114 522 2188 5.)

191 2207 250 2275 21.
274 2213 427 2276 Ρτίσολακ.
449 2212 494 2273 VI
510 2231 540 2289 p.
555 2211 624 2274 264
637 2214 674 2274 II.
704 2211 776 2273 Cato
795 2214 826 2272 iu
844 2212 857 2272 l
876 2214 1038 2292 ortginum:
1058 2213 1116 2274 An·
1131 2238 1157 2280 ιο

99 2312 200 2366 temno
224 2303 313 2364 etium
335 2303 469 2362 notorior
492 2309 538 2363 ost
561 2319 649 2381 qoam
672 2300 774 2362 Roma.

190 2396 247 2462 22.
271 2403 350 2462 Fest.
373 2419 396 2462 ε.
420 2419 450 2462 α.
474 2407 613 2461 oratores
632 2419 663 2476 μ.
682 2399 744 2460 182
762 2399 805 2460 M.
829 2398 901 2461 Cato
919 2431 957 2442 —
973 2402 1005 2461 in
1028 2402 1117 2480 origi-

98 2509 172 2552 num
187 2489 205 2551 l.
220 2489 247 2551 1:
265 2489 393 2568 Propter
408 2489 438 2550 id
451 2487 563 2549 bollum
577 2490 684 2566 coepit.
708 2487 838 2549 Cloelius
851 2496 972 2568 praetor
985 2488 1117 2551 Albanus

99 2588 234 2641 oratores
259 2579 341 2639 misit
362 2577 486 2638 Romam
509 2595 578 2637 oum
602 2624 719 2638 ......

190 2671 295 2739 23**.
319 2676 408 2737 Dion.
423 2676 498 2736 IIII
512 2675 567 2737 15:
590 2678 686 2736 Διεῐλε
705 2671 738 2735 δὲ
755 2673 805 2737 καλ
825 2674 966 2754 [Seruios
988 2674 1114 2753 Tullius]
1130 2700 1156 2742 rs

98 2771 153 2858 τὴν
172 2771 272 2857 γάρον
291 2769 421 2852 ἀπασαν,
442 2766 483 2847 ὥς
500 2769 554 2853 μὲν
569 2765 683 2852 Φάβιός
702 2789 795 2851 φησιν
811 2770 867 2849 [fr.
883 2771 933 2850 91,
952 2772 993 2846 είς
1012 2772 1116 2852 μοίρας

100 2871 130 2948 ἔξ
147 2897 178 2936 τε
196 2871 247 2935 καλ
265 2873 386 2951 εἴκοσιν,
405 2865 441 2946 ig
458 2869 508 2932 καλ
522 2864 613 2944 αὐτάς
635 2874 721 2931 καλεῖ
734 2864 841 2950 φυλάς,
859 2867 909 2931 καλ
925 2863 978 2943 τάς
996 2864 1117 2944 ἀστικὰς

99 2969 270 3051 προστνθελς
292 2965 396 3045 αὐτοῖς
417 2967 551 3049 τέτταρας
571 2963 726 3048 τριάκοντα
749 2961 847 3049 φυλάς
868 2963 1045 3048 ἀμφοτέρων
1067 2967 1116 3030 ἐπὶ

102 3070 229 3132 Τυλλίου
243 3064 296 3143 τάς
309 3062 407 3141 πάσας
424 3063 565 3150 γενέσθαι
582 3064 666 3148 λέγει.
690 3058 730 3140 ὥς
749 3063 782 3128 δὲ
798 3060 986 3140 Οόεννοόνιος
1003 3061 1116 3146 ίστόρη·

98 3189 150 3230 κεν
174 3163 297 3245 [sr.1],
320 3165 362 3239 είς
384 3165 455 3245 μίαν
476 3186 506 3226 τε
529 3161 578 3226 καί
599 3159 766 3244 τριάκοντα,
789 3158 860 3228 ὥστε
882 3159 938 3227 σὺν
960 3170 1024 3246 ταῖς
1041 3159 1115 3227 κατὰ
1128 3188 1155 3231 oo

98 3287 153 3344 την
175 3259 264 3327 πόλιν
287 3259 391 3337 ου”σαις
410 3261 654 3342 ἐκπεπληρῶσθαι
672 3256 723 3336 τάς
741 3260 782 3323 ἔτι
800 3259 851 3323 καλ
868 3262 910 3336 είς
927 3255 1007 3343 ἡμᾶς
1023 3256 1115 3343 ὕπαρ

99 3357 209 3443 γοόσας
231 3357 388 3444 τριάκοντα
409 3360 460 3424 καλ
482 3359 567 3424 πέντε
590 3355 700 3440 φυλάς·
747 3355 857 3423 Κάτων
883 3358 982 3441 μέντοι
1003 3356 1115 3426 τούτων

98 3454 333 3541 ἀξιοπιστότερος
356 3454 399 3522 άν
421 3453 477 3541 οόη
499 3452 587 3539 ὁρίζει
608 3461 668 3520 τόν
690 3463 803 3540 μοιρῶν
824 3454 876 3522 τὸν
897 3455 1038 3542 ἀριθμόν.

191 3552 250 3621 24.
275 3560 353 3620 Fert,
376 3577 398 3619 r.
423 3576 452 3619 α.
476 3561 631 3634 nequitum
651 3557 761 3634 μ.162
779 3559 822 3619 M.
870 3557 941 3620 Coto
965 3559 1115 3637 originum

99 3646 118 3710 l.
140 3647 167 3708 l:
200 3646 279 3708 Fona
306 3647 338 3707 in
369 3665 404 3708 eo
432 3645 498 3707 loco
527 3646 681 3726 conpluria
709 3647 801 3708 luero.
848 3665 881 3708 οο
909 3649 1113 3727 exaugurauit,
1127 3667 1153 3708 οι
