2620 4054
205 220 360 287 2701vn.
381 218 537 276 SATVRM
573 215 836 285 luviniacum.
873 214 1029 272 BAEBIVS
1048 213 1174 269 Manna

445 433 615 524 IVLIVS
649 430 973 523 SATVRNINVS

582 580 841 639 nnacunurvn

151 699 186 748 43
295 692 324 759 1.
344 699 426 760 Suet.
441 699 518 775 Αιι9.
532 697 578 756 27
595 695 689 758 lulius
705 695 883 757 Saturninus
901 694 958 755 hnc
977 693 1103 775 amplius
1122 694 1220 776 tradit,

144 789 274 849 'lllcnm
292 795 412 866 peracta
431 787 649 867 proscriptione
668 783 706 848 M
725 784 882 864 Lepidus
874 802 905 844 ιιι
925 791 1030 845 senatu
1049 791 1220 846 excusasset

204 877 365 956 praeterita
384 885 415 936 et
433 893 516 956 spem
535 873 731 937 clementiae'
724 893 754 934 m
768 882 923 953 posterum
937 873 1066 956 fecisset,
1080 874 1219 953 quoniam

206 967 277 1027 satis
299 983 462 1045 poenarum
487 972 623 1026 exactum
642 971 730 1044 esset,
750 963 829 1024 hunc
849 961 1044 1042 [Augustum]
1064 981 1080 1023 c
1099 962 1218 1024 diuerso
1293 955 1294 960 ’

204 1055 382 1135 professum,
405 1056 446 1115 ita
469 1054 590 1116 modum
613 1071 645 1114 se
664 1050 873 1132 proscribendi
897 1053 1046 1135 statuisse,
1069 1059 1103 1112 ut
1121 1053 1246 1114 omnies

205 1143 263 1205 sibi
285 1141 441 1226 reliquerit
463 1142 565 1204 libera.

496 1429 736 1534 AQVILIVS
768 1430 934 1515 NIGER

580 1578 842 1635 FRAGMENTVM

151 1696 185 1744 43
292 1688 323 1756 l.
347 1695 429 1756 Suet.
409 1693 526 1768 trun
541 1693 579 1751 11
603 1691 666 1754 Hoc
689 1691 767 1754 bello
792 1691 987 1771 [Mutinensi]
1011 1711 1080 1754 cum
1103 1692 1220 1754 Hirtius

128 1784 235 1868 ,lllin
258 1785 330 1863 acie,
348 1782 444 1844 Pansa
466 1779 642 1860 paulopost
665 1801 700 1842 ex
724 1781 850 1844 uulnere
873 1784 1030 1864 perissent,
1054 1799 1157 1843 rumor
1175 1784 1219 1842 iu-

203 1871 338 1934 crebruit
360 1870 509 1931 amboso
493 1887 582 1949 opera
611 1872 676 1932 eius
700 1870 833 1949 [August
834 1870 858 1949 i]
834 1873 1010 1953 toccisos,
1033 1879 1068 1932 nt
1090 1871 1220 1932 Antonio

203 1963 316 2042 fugato,
345 1978 377 2020 re
405 1979 432 2039 p.
461 1957 634 2020 consulibus
662 1960 765 2021 orbata
794 1960 875 2021 solus
903 1962 1034 2022 uictores
1067 1961 1219 2022 exercitus
1235 1985 1261 2025 ιο

202 2057 370 2130 occuparet.
408 2047 520 2110 Pansae
553 2049 674 2127 quidem
706 2050 779 2112 adeo
813 2057 951 2130 suspecta
979 2067 1059 2110 mors
1087 2050 1157 2131 init,
1186 2059 1221 2111 ut

202 2138 292 2219 Glyco
315 2138 450 2200 medicus
473 2137 641 2200 custoditus
665 2141 716 2220 sit,
741 2141 826 2219 quasi
854 2157 1004 2202 uenenum
1027 2138 1146 2202 uulneri
1175 2140 1221 2200 in-

202 2227 334 2289 didisset.
372 2227 470 2287 Adicit
497 2225 545 2287 his
568 2227 703 2307 Aquflius
726 2227 830 2309 Niger,
854 2228 980 2290 alterum
1003 2247 1020 2288 e
1043 2226 1221 2291 consulibus

201 2315 333 2376 Hirtium
356 2317 387 2376 in
411 2331 527 2395 pugnae
550 2317 681 2380 tumultu
705 2317 741 2379 ab
765 2320 831 2396 ipsc
853 2320 1075 2396 interemptum.

489 2620 716 2708 BAMBIVS
749 2620 932 2707 MAOIIR

595 2769 825 2826 FRAGMENTA
927 2827 928 2830 ,

147 2884 182 2931 44
291 2878 325 2946 1.
349 2888 437 2948 Seru.
460 2888 505 2946 ad
524 2884 611 2959 Vere.
634 2883 733 2964 ectu,
753 2885 800 2943 47
832 2882 906 2944 Cum
929 2883 1082 2962 Augustus
1106 2880 1220 2942 Caesar
1236 2907 1265 2947 15
1291 2839 1292 2850 ἵ

139 2971 286 3034 ⁷1¹tud0s
310 2973 451 3036 funebres
473 2973 552 3052 patri
572 2970 746 3054 celebraret,
770 2972 817 3033 die
841 2972 938 3034 medio
963 2971 1047 3033 stella
1070 2973 1219 3052 apparuit.

200 3061 248 3123 ilie
264 3081 329 3124 eam
343 3081 408 3124 esse
428 3060 616 3123 confirmauit
634 3063 728 3140 patris
748 3063 861 3124 sui.-
819 3061 1003 3124 -Baebins
1017 3061 1117 3123 Macer
1136 3063 1218 3121 circa

199 3150 303 3213 boram
326 3158 461 3212 octauam
485 3147 601 3210 stellam
623 3149 834 3231 amplissimam
858 3154 943 3231 quasi
962 3152 1113 3212 lemniscis
1131 3167 1220 3210 coro-

199 3249 298 3301 natam
321 3246 416 3301 ortam
440 3239 521 3321 dicit,
545 3257 634 3318 quam
658 3240 777 3320 quidam
801 3241 838 3302 ad
861 3240 1068 3303 illustrandam
1090 3237 1218 3317 gloriam

199 3328 333 3392 Caesaris
347 3329 475 3392 ,iuuenIs
493 3330 645 3408 pertinere
664 3329 880 3392 existimabant.
904 3326 958 3412 (es.
973 3332 1100 3406 nnuma.
1111 3327 1154 3405 [ν.
1169 3320 1219 3411 5.)
1235 3351 1263 3391 ao

289 3411 323 3478 2.
347 3417 435 3478 Serae.
453 3420 498 3480 ad
513 3419 587 3480 Aen.
610 3419 720 3480 Vena
747 3419 876 3482 baebius
899 3429 998 3482 tamen
1020 3417 1119 3482 Macer
1142 3415 1220 3480 dicit

198 3523 215 3564 a
238 3503 363 3566 Caesare
390 3505 524 3585 Augusto
551 3510 667 3590 pueris,
695 3511 747 3589 qui
774 3508 907 3572 luserant
931 3509 1063 3590 Troiam,
1091 3508 1221 3568 donatas

198 3609 265 3654 esse
288 3593 386 3672 galeas
409 3604 440 3656 et
463 3593 532 3656 bina
554 3595 679 3658 hastilia.
