2670 4058
472 224 700 282 FRAGMENTA
719 232 833 284 35-48.
1096 229 1159 294 143

235 368 294 436 41.
319 373 463 436 Consules
482 383 546 436 tum
563 376 687 440 suerunt
701 375 732 437 C,
746 375 901 438 Fabricius
916 383 946 438 et
960 375 993 447 Q.
1007 377 1158 440 Aemilius

143 461 269 544 Literas,
293 481 367 544 quas
390 464 426 525 ad
450 482 551 543 regern
569 463 696 544 Pyrrum
720 482 811 544 super
835 483 869 525 ea
892 484 982 526 causa
1004 469 1159 549 miserunt,

146 550 287 613 Claudius
311 552 525 632 Quadrigarius
548 554 670 632 scripsit
693 554 786 614 luisse
809 554 866 614 hoc
890 554 1038 634 exemplo:

279 637 435 703 ‘Consules
458 640 584 703 Romani
606 641 732 703 salutem
755 642 859 704 dicunt
882 642 975 722 Pyrro
999 645 1071 723 regi.

233 728 294 790 Nos
316 748 373 811 pro
395 732 456 791 tuis
478 731 598 791 iniuriis
621 732 771 792 continuis
790 732 889 792 animo
911 740 999 793 tenus
1018 735 1185 798 commotis

142 819 306 880 inimiciter
324 826 425 880 tecum
442 817 552 880 bellare
572 819 734 881 studemus.
770 819 822 880 sed
841 822 1008 882 communis
1031 821 1158 902 exempli

144 913 175 968 et
197 906 269 969 fidei
291 910 493 988 ergouisurn,
517 915 552 969 ut
574 916 604 969 te
628 907 745 970 saluum
763 907 899 989 uelimus,
918 916 953 971 ut
971 918 1050 971 esset
1069 929 1159 990 quem

143 997 234 1057 armis
257 997 380 1058 uincere
402 1013 567 1076 possemus.
603 996 648 1057 ad
676 1015 732 1058 nos
760 999 844 1058 uenit
866 997 979 1080 Nicias,
1006 998 1158 1060 familiaris

143 1091 224 1165 tuus,
247 1087 300 1165 qui
323 1085 380 1146 sibi
402 1087 569 1164 praemium
587 1103 603 1146 a
621 1085 708 1146 nobis
725 1093 857 1167 peteret,
880 1088 906 1147 si
924 1094 954 1147 te
973 1086 1049 1148 clam
1067 1089 1158 1148 inter·

143 1173 272 1236 lecisset.
308 1173 340 1234 id
362 1192 418 1236 nos
440 1176 615 1253 negauimus
637 1173 725 1256 uelle,
748 1192 825 1236 neue
849 1174 971 1236 obeam
993 1193 1058 1236 rem
1077 1178 1158 1255 quio·
1172 1201 1199 1241 ro

145 1280 234 1341 quam
257 1264 406 1324 commodi
428 1270 609 1343 expectaret,
632 1270 662 1324 et
685 1263 773 1324 simul
796 1265 896 1325 uisum
920 1272 975 1344 est,
993 1272 1028 1326 ut
1046 1272 1076 1325 te
1096 1283 1159 1326 cer·

142 1353 251 1413 tiorem
273 1351 449 1434 laceremus,
471 1370 510 1413 ne
534 1351 606 1432 quid
630 1352 802 1433 eiusmodi,
826 1355 852 1414 si
870 1353 1037 1434 accidisset,
1054 1343 1159 1414 nostro

143 1439 267 1502 consilio
287 1441 424 1503 ciuitates
443 1447 584 1520 putarent
602 1440 727 1523 lactum,
750 1449 792 1523 et,
817 1441 896 1521 quod
914 1441 1001 1503 nobis
1019 1460 1080 1504 non
1097 1441 1158 1522 pla-

143 1536 200 1611 cet,
222 1531 320 1608 pretio
343 1538 395 1591 aut
415 1531 549 1609 praemio
573 1537 624 1591 aut
645 1529 721 1590 dolis
743 1548 884 1609 pugnare.
918 1529 964 1592 Tu
981 1532 1041 1592 uisi
1060 1548 1159 1611 cauco,

142 1613 273 1679 iacebis'.
604 1645 608 1654 ·
1171 1642 1198 1683 rs

232 1709 292 1778 42.
319 1718 391 1778 Gell.
407 1718 506 1792 1117,
520 1716 561 1776 21
584 1715 724 1779 Claudius
748 1725 847 1778 autem
870 1716 1083 1797 Quadrigarius
1106 1698 1220 1779 aa&

142 1803 219 1866 nalis
246 1806 335 1866 tertio
364 1823 425 1867 non
449 1804 586 1867 Caedicio
614 1824 723 1866 nomen
751 1805 843 1866 luisse
872 1808 914 1867 ait
940 1805 993 1868 sed
1021 1805 1156 1867 Laberio.
1166 1788 1218 1838 ⁴²⁹⁶

143 1886 220 1975 (uid.
239 1895 343 1956 Calore.
359 1894 403 1970 [ν.
417 1887 485 1978 83.)
1167 1929 1219 1979 258

232 1985 290 2054 43.
317 1993 389 2054 Gall.
405 1991 505 2070 Ι7,9
531 1992 565 2053 ln
588 1991 692 2053 Claudi
715 2010 833 2072 quoque
857 1991 1045 2070 Quadrigarii
1066 1993 1219 2068 tertioffl

142 2079 242 2140 annali
264 2080 358 2142 uerba
380 2080 455 2142 baec
473 2100 539 2143 esse
558 2081 634 2142 dixit
654 2079 785 2158 [amicus
805 2082 903 2158 Gellii,
921 2083 1009 2142 bomo
1027 2084 1156 2142 lectione
1169 2104 1195 2144 ro

141 2172 238 2231 multa
256 2172 439 2243 execituslr
463 2169 539 2231 Dum
557 2172 569 2230 i
587 2169 827 2249 conciderentur,
844 2168 975 2231 hostium
994 2170 1094 2248 copias
1114 2167 1156 2228 ihi

143 2267 303 2338 occupatas
326 2258 469 2320 futurum.
494 2252 570 2338 (uid.
590 2259 692 2320 Coton.
704 2259 748 2335 [ν.
761 2259 804 2319 83
814 2278 846 2336 p.
860 2260 904 2319 55
918 2278 947 2320 u.
961 2250 1031 2341 36.)

232 2349 306 2418 44.-
317 2358 390 2419 Gell.
406 2356 522 2437 116,1
545 2355 759 2434 Quadrigarius
781 2357 813 2415 in
835 2357 925 2416 tertio
949 2354 1098 2417 annalium
1116 2357 1157 2416 ita

143 2445 277 2523 scripsit:
299 2444 345 2506 lbi
367 2444 516 2506 occiditur
532 2443 613 2505 mille
632 2443 794 2506 hominum.
818 2436 884 2526 (Ex
905 2445 999 2507 Gellio
1017 2445 1156 2507 Macrob.

142 2533 209 2610 15,
229 2533 258 2594 6.
1172 2555 1198 2596 ro

233 2526 293 2686 lb.
317 2624 456 2685 Macrob.
471 2628 527 2683 sat.
541 2622 604 2697 14,
619 2622 659 2683 18
682 2620 822 2683 Claudius
841 2622 931 2681 etiam
945 2619 1158 2699 Quadrigarius

142 2709 242 2772 annali
268 2713 370 2773 tortio:
408 2710 535 2772 Senatus
562 2717 662 2772 autem
689 2709 726 2771 de
753 2715 840 2771 nocte
864 2710 1039 2791 conuenire,
1067 2718 1158 2769 noctu

142 2799 237 2861 multa
259 2799 381 2862 domum
404 2800 523 2861 dimitti

233 2882 292 2950 46.
315 2891 390 2951 Non.
409 2907 433 2950 s.
448 2908 477 2949 u.
493 2891 648 2951 delectare
661 2907 692 2965 p.
708 2887 753 2947 97
776 2885 989 2964 Quadrigarius
1008 2883 1157 2946 annalium

143 2977 193 3038 lib.
216 2976 270 3038 lll:
302 2976 411 3038 Fabius
435 2976 472 3038 de
494 2986 582 3039 nocte
605 2978 704 3055 coepit
731 2975 868 3036 hostibus
892 2981 988 3035 castra
1018 2972 1157 3034 simulare
1171 2997 1197 3038 so

142 3065 325 3146 obpugnare,
349 3085 417 3127 eum
440 3066 557 3127 hostem
579 3063 737 3146 delectare,
760 3064 831 3125 dum
850 3062 961 3142 collega
984 3061 1014 3122 id
1038 3068 1158 3140 caperet

143 3154 223 3235 quod
247 3154 392 3235 captabat.

233 3237 293 3306 47.
316 3246 391 3306 Non.
414 3262 437 3305 s.
460 3263 491 3305 u.
512 3250 652 3321 potestur
670 3262 701 3319 p.
720 3242 788 3303 508
824 3240 1037 3319 Quadrigarius
1060 3240 1158 3301 annali

143 3332 194 3393 lib.
209 3331 262 3394 lll:
285 3333 366 3394 Adeo
381 3334 542 3394 memorari
559 3333 610 3393 uix
629 3339 774 3412 potestur,
792 3337 827 3391 ut
845 3347 948 3390 omnes
967 3328 1055 3390 simul
1070 3346 1157 3391 suum

144 3423 272 3501 quisque
294 3423 448 3501 negotium
470 3421 568 3483 adorti
590 3428 698 3482 essent.
1170 3439 1196 3481 es

233 3503 293 3572 48.
317 3512 391 3572 Nan.
406 3529 429 3572 s.
443 3530 473 3572 u.
484 3513 694 3588 praeclariter
703 3529 734 3587 p.
749 3509 814 3569 516
832 3507 1045 3586 Quadrigarius
1060 3505 1157 3566 annali

143 3598 194 3660 lib.
209 3598 263 3661 111:
287 3598 325 3661 Et
340 3601 380 3659 ita
394 3597 485 3661 rebus
499 3598 691 3678 praeclariter
710 3599 801 3678 gestis
815 3596 939 3658 Romam
959 3601 1157 3656 reuerterunt.
