2620 4054
173 219 253 308 794Ι
432 217 609 299 crunnus.
646 217 762 277 777777.
784 217 932 282 ustrou

174 478 483 564 7777777777
501 477 747 566 crunnus
766 427 1023 566 77777777
1047 433 1200 566 unco

191 607 194 624 Ι
211 631 305 699 (natus
320 647 344 684 e.
353 635 397 686 42.
409 635 469 697 112,
484 630 639 700 imperator
652 626 751 685 iectus.
762 636 802 685 14.
815 615 875 697 167,
888 631 1016 706 mortuus
1027 611 1069 713 ili.
1081 631 1153 703 790.)
1197 613 1201 624 ’

319 753 374 812 ΒΕ
389 753 475 810 EIVS
495 752 762 814 OONMENTAfflO
777 753 1105 818 TESTIMONIVM..

130 858 175 930 '.·l
193 865 275 944 Soet.
290 870 399 930 Domit.
414 867 459 928 20
486 867 609 929 Praeter
628 869 858 973 commentarios
875 875 911 928 et·
923 875 996 929 acta
1002 867 1104 929 Tiberi
1119 861 1189 930 (37Β

171 957 245 1018 saris
269 956 358 1018 nihil
365 956 524 1018 lectitabat.
548 960 609 1018 oid
626 956 710 1056 771.
971 974 974 982 “
1182 989 1186 994 ·

199 1138 202 1149 ·
277 1055 538 1169 OONMENTNRM
553 1112 602 1169 DE
621 1109 725 1166 VITA
722 1111 800 1170 SVA
817 1079 1103 1174 FRAGMENTVM

118 1221 150 1271 81
261 1219 294 1288 l.
319 1225 400 1286 Soet.
419 1223 480 1286 177.
497 1195 538 1285 61
560 1225 626 1287 Etsi
649 1229 870 1306 commentario,
889 1243 979 1306 quem
997 1226 1033 1286 de
1053 1227 1122 1288 77777
1134 1241 1188 1288 sua

111 1310 340 1375 ⁷84snmmatim
363 1313 558 1394 breuiterque
577 1317 753 1395 composuit,
777 1334 868 1376 ausus
890 1323 937 1376 est
955 1312 1101 1377 scribere
1107 1315 1200 1376 Seia

169 1420 242 1463 num
265 1422 297 1464 se
320 1405 452 1484 punisse,
477 1405 555 1483 quod
575 1407 770 1484 comperIsset
793 1405 893 1466 lurere
912 1405 1057 1466 aduersus
1075 1404 1216 1467 llbeross

170 1490 338 1553 Germanici
360 1491 414 1553 lilii
437 1495 492 1554 sui.

241 1701 549 1786 IMPERATOR
582 1701 824 1789 TIBERIVS
858 1701 1113 1790 OLAVDIVS

205 1849 299 1916 (natus
310 1866 335 1904 7.
348 1855 389 1905 10.
401 1856 461 1920 744,
470 1851 624 1922 imperator
632 1851 723 1908 factus
732 1869 758 1908 s.
769 1858 811 1908 41.
819 1857 880 1922 tet,
889 1854 1015 1908 mortuus
1026 1854 1147 1922 oteot)

381 1975 429 2028 DE
448 1974 532 2030 EIVS
551 1974 725 2031 HISTORIA
744 1975 971 2032 TESTIMONIA

135 2080 167 2148 l.
191 2086 272 2148 Suet.
300 2089 406 2149 Claud.
430 2089 472 2149 41
513 2088 674 2150 Historiam
701 2091 733 2150 in
761 2089 961 2152 adulescentia
989 2090 1127 2151 hortante
1151 2089 1184 2152 T.

167 2174 267 2256 Liuio,
296 2176 428 2255 Sulpicio
455 2195 529 2238 nero
558 2176 648 2239 Flauo
678 2177 732 2256 [os.
756 2197 822 2256 cup.
842 2179 878 2257 4]
909 2181 998 2240 etiam
1024 2179 1184 2241 adiuuante

168 2262 300 2326 scribere
320 2265 478 2344 adgressus
497 2274 551 2327 est.
581 2274 698 2329 etcum
719 2270 848 2347 primurn
867 2269 1018 2348 frequenti
1036 2269 1184 2330 auditorio

168 2354 375 2434 commisisset,
394 2373 481 2434 aegre
502 2354 638 2437 perlegit,
657 2357 851 2435 refrigeratus
867 2375 954 2436 saepe
969 2376 985 2419 a
1000 2360 1183 2438 semetipso.
1200 2377 1228 2417 ro

166 2475 210 2494 —
233 2442 268 2502 ln
291 2444 460 2523 principatu
485 2463 604 2524 quoque
628 2452 658 2505 et
681 2447 802 2525 scripsit
824 2446 987 2526 plurimum
1011 2454 1041 2507 et
1064 2448 1184 2509 assidue

166 2533 306 2592 recitauit
328 2550 382 2610 per
405 2532 555 2594 lectorem.

256 2615 299 2702 (1)
322 2621 442 2682 Initium
467 2631 565 2682 autern
585 2625 711 2702 sumpsit
729 2621 870 2685 historiae
889 2632 958 2703 post
977 2624 1098 2686 caedem
1113 2625 1184 2686 an-

169 2711 243 2772 saris
268 2710 431 2792 dictatoris,

255 2793 310 2882 (lt)
335 2798 386 2860 sed
416 2807 447 2859 et
469 2802 588 2860 transiit
606 2800 642 2861 ad
666 2800 807 2862 iuferiora
831 2810 964 2882 tempora
988 2805 1146 2883 coepitque
1166 2818 1227 2864 777

165 2907 238 2968 pace
262 2887 353 2968 ciuili,
377 2907 446 2949 cum
469 2891 595 2948 sentiret
618 2907 715 2968 neque
738 2888 831 2950 libere
855 2909 952 2971 neque
976 2910 1048 2952 uere
1068 2891 1125 2953 sibi
1145 2893 1184 2954 de

166 2975 372 3057 superioribus
396 2976 533 3038 tradendi
551 2985 728 3057 potestatem
752 2978 894 3060 relictam,
917 2987 1074 3060 correptus
1094 3000 1183 3061 saepe

167 3075 196 3128 et
218 3074 353 3127 amatre
377 3074 407 3126 et
429 3065 466 3127 ab
490 3068 564 3127 auia.
1303 3121 1304 3138 ,

254 3155 368 3216 Prioris
391 3156 532 3215 materiae
556 3154 615 3216 duo
639 3154 803 3237 uolumina,
826 3159 1002 3235 posterioris
1030 3176 1123 3219 unum
1152 3169 1184 3221 et
1303 3157 1304 3240 j

167 3243 360 3324 quadraginta
383 3243 513 3323 reliquit.
1199 3265 1227 3306 so

254 3326 325 3416 (Ill)
350 3331 523 3411 Composuit
546 3340 576 3392 et
599 3332 635 3392 de
659 3334 721 3393 uita
745 3351 797 3394 sua
822 3342 889 3395 octo
908 3334 1059 3396 uolumina
1060 3339 1184 3416 ,magis

165 3425 266 3500 inepte
290 3437 379 3501 quam
401 3420 594 3500 ineleganter
611 3454 648 3463 -
665 3455 710 3465 —

77 3504 79 3508 ’
256 3501 332 3591 (1111.
347 3502 393 3590 V.)
413 3500 453 3590 (c
469 3503 526 3592 42)
548 3509 682 3588 Denique
702 3518 732 3571 et
751 3509 877 3571 Graecas
893 3515 1014 3592 scripsit
1032 3513 1185 3598 historias,

166 3597 369 3678 Tyrrhenicon
398 3599 518 3679 uiginti,
542 3597 801 3660 Carchedoniacon
829 3607 904 3661 octo
943 3620 1069 3681 quarum
1093 3622 1185 3666 causa
