2638 4056
201 211 266 279 176
495 215 528 269 n.
547 213 721 294 conuunn
739 213 920 270 ussurus

164 357 198 427 2.
229 365 299 427 Vell.
320 365 359 424 ΙΙ
374 363 441 439 9,1
463 362 576 424 Eodem
598 371 697 425 tractu
716 371 886 443 temporum
904 362 1064 442 [bellorum
1082 365 1215 425 Cimbro

61 445 64 452 '
197 471 267 515 rum
289 451 562 530 Teutonorumque]
582 454 738 514 nituerunt
761 461 895 514 oratores
914 453 1015 531 Scipio
1033 451 1217 514 Aemilianus

196 541 389 623 Laeliusque,
418 541 482 602 Ser.
505 541 608 622 Galba,
631 542 690 603 duo
719 541 858 624 Gracchi,
887 542 917 606 C.
946 541 1091 623 Fannius,
1119 540 1216 603 Carbo

197 630 343 709 Papirius.
367 661 410 673 —
438 629 637 694 Historiarum
669 639 774 692 auctor
806 633 865 692 iam
896 641 961 692 tum
993 630 1120 692 Sisenna
1151 639 1216 692 erat

197 721 330 801 iuuenis;
349 720 402 781 sed
421 736 496 799 opus
515 719 586 780 belli
604 719 702 782 ciuilis
718 719 890 801 Sullanique
908 728 977 801 post
995 719 1108 799 aliquot
1122 731 1245 783 annosa

144 807 147 813 '
198 808 235 869 ab
258 827 294 870 eo
318 810 436 870 seniore
459 808 573 870 editum
596 818 651 871 est.
675 808 715 885 cs.
739 810 857 872 Lucull.
881 817 946 871 test.
963 809 994 870 2.

164 932 198 1000 3.
226 944 287 1006 Cic.
305 945 390 1008 Verr.
406 943 457 1006 IV
467 943 517 1019 15,
530 943 574 1004 33
592 943 678 1023 Apud
693 942 725 1004 L.
736 942 902 1026 Sisennam,
916 944 1016 1004 uirum
1029 943 1215 1021 primarium.

197 1032 219 1092 Ι
224 1032 254 1109 V,
272 1032 327 1109 20,
346 1033 391 1093 43
412 1031 444 1094 L.
469 1032 594 1093 Sisenna
617 1032 774 1094 defensore
797 1039 859 1093 tuo.

162 1144 197 1213 4·
225 1158 306 1219 Cass.
331 1158 391 1218 Dio
413 1157 564 1218 XXXVI
587 1157 606 1217 1
637 1155 699 1217 Καὶ
730 1150 898 1236 Κορνήλιος
928 1151 1089 1233 Σισέννας,
1108 1149 1135 1218 ’ὅ
1163 1159 1216 1236 τῆς

194 1248 336 1329 Ἑλλάδος
354 1250 464 1336 ἅρχων,
482 1245 558 1334 ἦλθε
575 1251 630 1334 μὲν
647 1253 678 1328 ἒς
695 1249 753 1336 τήν
765 1248 897 1334 Κρήτην,
916 1247 957 1328 ὥς
974 1248 1055 1314 ταῦτ’
1077 1247 1215 1331 ἐκτήσατο,
1231 1267 1259 1308 10
1308 1303 1309 1322 ,

197 1349 248 1412 noel
270 1345 417 1434 καρήνεσε
439 1355 479 1436 τῷ
497 1348 637 1435 Μετέλλῳ
661 1353 824 1431 φείσασθαι
841 1354 901 1413 τῶν
924 1346 1039 1433 δήμων,
1063 1345 1100 1413 οὗ
1118 1348 1216 1430 μέντοι

198 1445 249 1509 καὶ
267 1443 427 1529 ἆντέπραξέ
449 1471 476 1510 τι
498 1441 668 1527 αήπείσας.
685 1483 723 1492 -
740 1444 946 1532 ἀγανακτήσας
970 1439 1026 1513 οὖν
1049 1447 1097 1511 tut
1119 1444 1214 1534 τούτῳ

197 1539 404 1620 ὁὈκταούιος
431 1539 536 1610 οὐκέθ’
560 1539 723 1628 ἡσύχασεν,
750 1541 824 1609 dud
850 1542 994 1627 πρότερον
1016 1543 1070 1626 μὲν
1096 1549 1136 1631 τῷ
1162 1550 1217 1609 τοῦ

198 1642 346 1708 Σισένναν
369 1647 490 1729 στρατῷ,
513 1638 643 1723 νοσήσας
665 1639 722 1726 γὰρ
745 1642 856 1719 ἐκεῖνος
878 1639 1044 1725 ἐτεθνήκει,
1067 1638 1217 1725 χρώμενος

197 1737 365 1822 ἐπεβοήθει.
390 1735 432 1824 (a.
458 1741 512 1801 67.
539 1734 630 1823 687.)
1231 1754 1259 1796 ιτ

163 1865 197 1933 ὅ.
221 1869 293 1930 Sall.
318 1869 385 1942 roc.
409 1865 466 1949 95,
488 1865 510 1926 2
539 1865 643 1945 Neque
671 1868 751 1927 enim
774 1865 830 1927 alio
854 1867 919 1929 loco
943 1867 980 1928 de
1003 1866 1102 1928 Sullae
1124 1865 1216 1927 rebus

198 1957 309 2018 dicturi
341 1973 458 2037 sumus,
490 1963 521 2016 et
552 1954 584 2015 L.
614 1954 740 2017 Sisenna
772 1963 892 2037 optume
925 1965 956 2018 et
978 1955 1215 2037 diligentissume

197 2048 331 2107 omnium
354 2047 406 2125 qui
429 2063 480 2105 eas
502 2062 551 2104 res
571 2043 673 2104 dixere
696 2053 874 2126 persecutus
896 2064 1003 2128 parum
1021 2046 1096 2107 mihi
1118 2045 1213 2107 libero

196 2153 248 2195 ore
271 2133 390 2195 locutus
413 2132 544 2194 uidetur.

162 2263 196 2334 6.
223 2268 285 2329 Cic.
307 2268 395 2328 Brut.
420 2267 473 2342 64,
496 2267 561 2328 223
591 2267 745 2329 lnierioris
769 2274 868 2329 autem
892 2269 996 2330 aetatis
1019 2276 1083 2329 erat
1105 2287 1214 2347 proxu·
1230 2287 1259 2328 ro

196 2374 264 2417 mus
290 2354 323 2418 L.
348 2354 486 2437 Sisenna,
513 2356 620 2420 doctus
644 2359 693 2417 uir
725 2364 756 2417 et
787 2356 895 2419 studiis
927 2358 1058 2435 optumis
1085 2356 1215 2438 deditus,

196 2443 273 2506 bene
291 2444 396 2506 Latine
414 2445 552 2526 loquens,
570 2464 681 2526 gnarus
700 2446 745 2506 rei
763 2445 908 2526 publicae,
927 2462 987 2505 non
1006 2447 1070 2506 sine
1089 2445 1214 2528 facetiis,

197 2532 249 2593 sed
268 2551 367 2613 neque
385 2533 496 2595 laboris
514 2534 601 2597 multi
618 2554 675 2596 nec
694 2536 767 2597 satis
786 2542 924 2595 uersatus
942 2535 974 2593 in
993 2537 1101 2616 causis,
1122 2537 1214 2597 inter-

196 2624 352 2702 iectusque
365 2625 445 2685 inter
459 2623 533 2684 duas
547 2633 659 2686 aetates
673 2623 814 2685 Hortensi
828 2630 858 2682 et
873 2621 987 2701 Sulpici
1000 2640 1056 2684 nec
1070 2625 1214 2684 maiorem

196 2714 485 2792 consequi‘poterat
517 2721 547 2773 et
578 2715 688 2775 minori
720 2728 843 2773 necesse
871 2718 935 2771 erat
963 2710 1078 2772 cedere.
1115 2709 1257 2772 Huiusce

196 2802 293 2861 omnis
311 2800 437 2863 facultas
456 2820 492 2862 ex
510 2801 635 2864 historia
654 2803 749 2880 ipsius
767 2801 899 2878 perspici
917 2805 1029 2880 potest,
1048 2817 1123 2880 quae
1143 2818 1213 2861 cum

195 2889 282 2951 facile
305 2892 402 2951 omnis
424 2892 526 2952 uincat
550 2893 734 2971 superiores,
757 2897 822 2949 tum
850 2888 961 2949 indicat
985 2896 1097 2969 tamen,
1122 2907 1214 2970 quan-

195 2987 260 3040 tum
283 2978 361 3039 absit
383 2997 400 3038 a
423 2997 553 3060 summo,
576 2997 724 3058 quamque
747 2994 842 3058 genus
863 2976 921 3040 hoc
945 2980 1117 3058 scriptionis
1140 2997 1213 3041 oon·
1304 3007 1305 3094 p

196 3068 268 3129 dum
291 3069 331 3128 sit
354 3070 426 3128 satis
449 3068 562 3129 Latinis
584 3067 693 3129 litteris
716 3066 906 3129 illustratum.
938 3070 976 3129 de
999 3072 1076 3145 lopo.
1097 3069 1165 3144 12,
1193 3069 1214 3128 7

196 3155 330 3236 Sisenna,
350 3159 414 3217 eius
435 3155 564 3236 [Licinii
581 3155 701 3234 Macri]
721 3159 843 3236 amicus,
857 3175 961 3218 omnes
976 3157 1072 3218 adhuc
1091 3166 1211 3219 nostros
1228 3176 1255 3215 co

196 3247 372 3327 scriptores,
399 3248 458 3306 nisi
486 3247 538 3325 qui
565 3245 643 3307 forte
670 3245 802 3308 nondum
831 3245 1002 3326 ediderunt,
1030 3245 1068 3306 de
1102 3247 1212 3326 quibus
1289 3243 1293 3250 '

196 3335 365 3395 existimare
389 3352 449 3395 non
466 3351 636 3415 possumus,
659 3335 745 3397 facile
764 3336 927 3416 superauit.
950 3337 976 3395 is
995 3344 1094 3397 tamen
1113 3353 1211 3416 neque

194 3430 296 3484 orator
313 3426 346 3484 in
363 3441 489 3485 numero
508 3431 610 3485 uestro
630 3442 770 3506 umquam
789 3431 835 3486 est
853 3423 973 3485 habitus
992 3433 1023 3485 et
1041 3426 1073 3486 in
1087 3423 1211 3487 historia

185 3511 309 3590 puerile
333 3511 474 3592 quiddam
497 3522 700 3596 consectatur,
728 3524 762 3576 ut
791 3531 883 3576 unum
906 3512 1089 3576 Clitarchum
1112 3533 1210 3596 neque

194 3610 350 3680 praeterea
362 3619 542 3681 quemquam
556 3601 593 3664 de
608 3602 729 3666 Graecis
744 3604 851 3684 legisse
866 3602 1013 3685 uideatur,
1027 3623 1097 3666 eum
1111 3613 1209 3667 tamen
1224 3621 1253 3662 es
