2620 4054
222 233 377 291 concurs
395 187 560 288 vusrcvs.
588 231 697 287 uunn
715 231 853 287 usurus
871 232 974 290 unse.
985 238 1062 287 1-t.
1079 230 1144 296 331

128 399 195 446 rum
208 379 497 464 ‘inmotieratissinrn
521 399 590 444 cum
607 389 786 463 moreretur,
803 380 953 464 laetatum,
973 379 1052 460 quoel
1071 379 1150 442 duos

128 473 294 536 Antoninos
312 475 379 552 pari
397 474 524 551 imperio
543 473 586 532 rei
605 490 633 551 p.
653 469 837 550 relinqueret
857 469 994 548 exemplo
1017 470 1071 550 Pii,
1094 471 1147 550 qui

128 562 239 626 Verum
258 570 289 623 ct
302 561 434 623 Marcum
448 561 614 622 Antoninos
632 577 689 640 per
706 559 894 640 adoptionem
914 561 959 620 rei
972 579 1000 638 p.
1016 559 1146 640 reliquit,

129 651 187 713 boc
200 651 316 732 melius,
335 651 415 730 qued
434 650 484 712 illc
497 649 575 711 tilios
589 667 644 729 per
657 648 857 730 adeptionem,
871 648 920 709 bic
940 666 994 727 per
1012 665 1045 709 se
1064 650 1145 728 geui-

18 746 20 752 ’
129 748 176 802 tos
195 749 330 802 moturos
347 739 496 802 Romanae
514 741 560 800 rei
577 758 607 819 p.
626 739 718 819 daret,
737 739 919 799 Antoninum
943 735 1059 799 scilicet
1076 737 1173 798 Bes-t

129 832 254 910 sianum,
278 842 367 910 quem
390 845 427 890 cx
448 831 551 909 priore
573 829 763 889 matrimonio
782 835 965 907 susceperat,
984 834 1014 887 et
1031 825 1145 908 Genua,

130 937 217 995 qoem
240 919 277 980 de
300 917 373 980 iulia
396 924 549 997 genuerat.

397 1079 615 1169 Locutus
648 1079 873 1168 VRBIOVS

253 1229 451 1320 HISTORIAM
472 1231 530 1287 svl
550 1229 734 1286 TEMPORIS
752 1227 1014 1286 FRAGMENTVM
1158 1279 1159 1282 ,

221 1331 254 1400 l.
277 1338 435 1414 lamprid.
452 1338 544 1398 Dioni
560 1335 623 1411 9,1
654 1335 744 1396 Extat
758 1333 813 1396 alia
828 1333 954 1414 epistula
969 1335 1006 1397 ad
1020 1343 1145 1400 matrem
1155 1340 1209 1420 {1}

7 1453 8 1456 ¹
130 1427 290 1489 abeodem
310 1421 528 1504 [Diadumeno]
548 1425 695 1487 destinata
714 1423 794 1486 talisz
817 1419 971 1486 ‘Dominus
992 1435 1093 1486 noster
1116 1430 1207 1486 ctttt

129 1517 283 1596 Augustus
310 1534 366 1578 uec
394 1523 424 1576 te
452 1521 531 1576 amat
558 1533 614 1576 uec
641 1516 741 1592 ipsum
769 1531 816 1594 se,
839 1515 892 1595 qui
914 1515 1051 1576 inimicos
1074 1533 1146 1576 suos
1161 1536 1186 1576 ιο

129 1613 239 1667 seruat.
285 1622 338 1684 age
362 1606 464 1688 igitur,
486 1610 520 1665 ut
541 1602 707 1664 Arabianus
732 1610 762 1665 et
785 1601 901 1665 'luscus
926 1611 956 1664 et
974 1601 1086 1664 Gellius
1109 1603 1146 1666 ad

129 1693 229 1772 palum
251 1693 432 1774 deligentur,
463 1711 509 1772 uc,
533 1695 559 1753 si
583 1694 715 1754 occassio
740 1692 844 1771 luerit,
877 1710 937 1752 non
960 1695 1146 1772 praetermit-

129 1778 214 1842 tant'
260 1781 311 1862 Et,
335 1793 479 1861 quantum
500 1780 614 1844 Lollius
636 1779 764 1842 Vrbicus
790 1783 822 1840 iu
849 1780 975 1842 historia
1003 1783 1051 1843 sui
1074 1790 1146 1844 tem·

129 1872 212 1950 poris
235 1869 316 1951 dicit,
339 1872 414 1931 istae
438 1870 554 1931 litterae
577 1887 632 1948 per
655 1871 804 1931 notarium
827 1869 962 1948 proditae
985 1869 1029 1932 illi
1051 1890 1146 1951 puero

130 1959 257 2022 multum
280 1958 357 2038 apud
376 1957 486 2020 milites
505 1957 636 2020 obluisse
657 1957 811 2020 dicuutur.
847 1977 925 2038 uam,
944 1975 1013 2019 cum
1030 1966 1186 2037 patremne

130 2048 324 2129 occidissent,
352 2045 471 2127 quidam
498 2046 579 2109 hunc
608 2065 730 2108 seruare
760 2045 935 2130 uoluerunt,
967 2046 1020 2108 sed
1048 2049 1146 2110 extitit

130 2135 340 2217 cubicularius,
365 2137 417 2218 qui
439 2135 493 2196 has
516 2135 660 2214 epistulas
683 2137 816 2197 contioni
839 2134 966 2197 militum
990 2134 1069 2216 legit.

397 2298 596 2387 MARIVS
628 2297 881 2394 MAXIMVS.

290 2446 516 2506 TESTIMONIA
534 2449 582 2503 DE
603 2448 699 2504 VITIS
718 2449 990 2506 IMPERATORVM

97 2537 129 2606 l.
157 2548 298 2608 Oitontor
311 2549 396 2608 uitae
413 2539 691 2626 Troiani'(Latnpr.
707 2546 792 2605 Alex.
804 2546 872 2606 Seu.
883 2544 970 2624 48,6
993 2546 1062 2608 Scio
1081 2546 1146 2609 uul-

130 2654 200 2714 gum
223 2634 299 2696 banc
327 2651 391 2695 rem
415 2651 503 2714 quam
527 2635 666 2695 contexui
689 2632 808 2694 Traiani
831 2640 950 2716 putare,
974 2634 1025 2696 sed
1049 2655 1146 2716 neque

130 2727 162 2787 in
180 2725 243 2785 uita
259 2726 326 2785 eius
345 2724 374 2785 id
390 2723 502 2785 Marius
515 2721 661 2783 Maximus
680 2724 721 2782 itu
736 2725 874 2802 exposuit
888 2741 985 2802 neque
1004 2732 1035 2785 et
1053 2743 1080 2803 q.
1098 2717 1146 2808 s),
1160 2748 1187 2788 so

131 2815 288 2875 Hadriani
306 2807 364 2895 (sr.
383 2808 428 2894 8),
452 2813 559 2874 Murci
576 2805 636 2894 (fr.
656 2804 720 2896 13),
743 2814 896 2874 secundus
918 2814 996 2874 liber
1020 2816 1058 2875 de
1080 2817 1146 2874 nito

131 2903 237 2963 Marci
249 2902 397 2984 Antonini
418 2895 478 2984 (sr.
493 2902 539 2962 11.
554 2897 618 2980 12),
641 2905 708 2962 uita
723 2903 896 2963 Pertinacis
915 2896 971 2984 (fr.
986 2897 1050 2984 18),
1074 2903 1145 2980 Sep-

125 2992 210 3052 timii
231 2991 343 3051 Seueri
356 2982 414 3070 (fr.
429 2990 479 3050 19.
493 2983 564 3073 20),
583 2989 778 3066 Heliogabali
799 2984 858 3070 (fr.
872 2985 941 3072 26).

97 3069 130 3137 2.·
161 3078 276 3155 Vopise.
300 3077 477 3159 Firm.1,1
513 3077 696 3140 Minusculos
723 3087 864 3159 tyrannos
895 3081 960 3140 scio
987 3080 1146 3159 plerosque

130 3168 260 3228 tacuisse
284 3173 336 3226 aut
359 3165 493 3227 breuiter
515 3169 703 3246 praeterisse.
740 3185 808 3228 nam
827 3176 857 3230 et
876 3167 1037 3231 Suetonius
1054 3167 1145 3229 ‘iran-
1160 3189 1186 3231 su

132 3254 251 3336 quillus,
269 3253 528 3316 emendatissimus
542 3262 573 3316 et
587 3256 816 3318 candidissimus
833 3259 971 3339 scriptor,
985 3259 1145 3319 Antonium

131 3343 344 3423 Vindicemque
373 3345 479 3425 tacuit,
506 3350 665 3406 contentus
694 3361 729 3405 eo
756 3345 835 3424 quod
864 3363 916 3407 eos
944 3349 1055 3408 cursim
1079 3363 1146 3425 per·

132 3434 301 3512 strinxerat,
325 3439 355 3494 et
378 3431 489 3493 Marius
512 3430 657 3493 Maximus
676 3431 816 3494 Auidium
836 3433 929 3496 Marci
952 3435 1146 3515 temporibus,

131 3521 270 3583 Albinum
299 3529 329 3584 et
343 3521 480 3601 ¹l‘ligrum
510 3521 616 3582 Seueri
644 3538 703 3581 nou
730 3523 794 3583 suis
821 3525 953 3602 propriis
980 3523 1065 3585 libris
1093 3523 1145 3586 scd

131 3611 235 3674 alienis
257 3612 401 3674 innexuit.
425 3610 466 3688 cs.
481 3611 525 3688 fr.
544 3610 593 3672 19.
1043 3669 1047 3691 ,
1160 3634 1187 3676 so
