<?xml version="1.0" encoding="UTF-8"?>
<!DOCTYPE html PUBLIC "-//W3C//DTD XHTML 1.0 Transitional//EN"
    "http://www.w3.org/TR/xhtml1/DTD/xhtml1-transitional.dtd">
<html xmlns="http://www.w3.org/1999/xhtml" xml:lang="en" lang="en">
 <head>
  <title>
</title>
<meta http-equiv="Content-Type" content="text/html;charset=utf-8" />
  <meta name='ocr-system' content='tesseract 3.04.00' />
  <meta name='ocr-capabilities' content='ocr_page ocr_carea ocr_par ocr_line ocrx_word'/>
</head>
<body>
  <div class='ocr_page' id='page_1' title='image "./historicorumrom02petegoog_0404.png"; bbox 0 0 2614 4056; ppageno 0'>
   <div class='ocr_carea' id='block_1_1' title="bbox 105 226 1119 308">
    <p class='ocr_par' dir='ltr' id='par_1_1' title="bbox 105 226 1119 308">
     <span class='ocr_line' id='line_1_1' title="bbox 105 226 1119 308; baseline 0.003 -25"><span class='ocrx_word' id='word_1_1' title='bbox 105 226 1041 308; x_wconf 69' lang='lat' dir='ltr'>uuBunLuuANDvulvvuucmatturnmsauumsvltu</span> <span class='ocrx_word' id='word_1_2' title='bbox 1055 228 1119 296; x_wconf 77' lang='grc'>377</span> 
     </span>
    </p>
   </div>
   <div class='ocr_carea' id='block_1_2' title="bbox 104 371 1147 850">
    <p class='ocr_par' dir='ltr' id='par_1_2' title="bbox 104 371 1147 850">
     <span class='ocr_line' id='line_1_2' title="bbox 106 371 1121 461; baseline 0.001 -22"><span class='ocrx_word' id='word_1_3' title='bbox 106 371 290 458; x_wconf 65' lang='lat' dir='ltr'>germenrode</span> <span class='ocrx_word' id='word_1_4' title='bbox 313 373 519 458; x_wconf 60' lang='lat' dir='ltr'>{numericorum</span> <span class='ocrx_word' id='word_1_5' title='bbox 542 373 614 440; x_wconf 75' lang='grc' dir='ltr'><strong><em>ὥστε</em></strong></span> <span class='ocrx_word' id='word_1_6' title='bbox 637 384 746 461; x_wconf 78' lang='grc' dir='ltr'><em>φυγεῖν</em></span> <span class='ocrx_word' id='word_1_7' title='bbox 768 376 798 452; x_wconf 77' lang='grc' dir='ltr'>ἐξ</span> <span class='ocrx_word' id='word_1_8' title='bbox 816 373 916 440; x_wconf 68' lang='grc' dir='ltr'><strong><em>αὐτῶν</em></strong></span> <span class='ocrx_word' id='word_1_9' title='bbox 937 381 1054 459; x_wconf 80' lang='grc' dir='ltr'><strong><em>πλῆθος</em></strong></span> <span class='ocrx_word' id='word_1_10' title='bbox 1072 377 1121 440; x_wconf 68' lang='grc' dir='ltr'>ἐπὶ</span> 
     </span>
     <span class='ocr_line' id='line_1_3' title="bbox 104 469 1121 559; baseline 0 -22"><span class='ocrx_word' id='word_1_11' title='bbox 104 471 157 538; x_wconf 85' lang='grc' dir='ltr'>τὸν</span> <span class='ocrx_word' id='word_1_12' title='bbox 170 471 299 555; x_wconf 82' lang='grc' dir='ltr'><strong><em>Πόντον,</em></strong></span> <span class='ocrx_word' id='word_1_13' title='bbox 308 469 549 559; x_wconf 64' lang='lat' dir='ltr'>roaogfbo&#39;mog</span> <span class='ocrx_word' id='word_1_14' title='bbox 563 471 685 556; x_wconf 77' lang='grc' dir='ltr'><strong><em>ὁσοφὸς</em></strong></span> <span class='ocrx_word' id='word_1_15' title='bbox 694 472 900 558; x_wconf 76' lang='grc' dir='ltr'><strong><em>χρονογροὶφος</em></strong></span> <span class='ocrx_word' id='word_1_16' title='bbox 913 471 1121 558; x_wconf 75' lang='grc' dir='ltr'><strong><em>σονεγροὶψατο</em></strong></span> 
     </span>
     <span class='ocr_line' id='line_1_4' title="bbox 104 568 1121 655; baseline 0 -19"><span class='ocrx_word' id='word_1_17' title='bbox 104 570 167 636; x_wconf 82' lang='grc' dir='ltr'><strong><em>κατ’</em></strong></span> <span class='ocrx_word' id='word_1_18' title='bbox 189 570 297 638; x_wconf 76' lang='grc' dir='ltr'><strong><em>αὐτῶν.</em></strong></span> <span class='ocrx_word' id='word_1_19' title='bbox 309 601 350 624; x_wconf 87' lang='lat'>==</span> <span class='ocrx_word' id='word_1_20' title='bbox 365 573 475 636; x_wconf 79' lang='lat' dir='ltr'>Obrort.</span> <span class='ocrx_word' id='word_1_21' title='bbox 488 575 595 636; x_wconf 75' lang='lat' dir='ltr'>Pascit.</span> <span class='ocrx_word' id='word_1_22' title='bbox 607 593 638 652; x_wconf 86' lang='lat' dir='ltr'>p.</span> <span class='ocrx_word' id='word_1_23' title='bbox 649 574 763 635; x_wconf 80' lang='grc'><strong><em>4681).</em></strong></span> <span class='ocrx_word' id='word_1_24' title='bbox 782 568 906 655; x_wconf 80' lang='grc' dir='ltr'><strong><em>Ἱστορεῖ</em></strong></span> <span class='ocrx_word' id='word_1_25' title='bbox 923 568 941 636; x_wconf 81' lang='lat' dir='ltr'>b</span> <span class='ocrx_word' id='word_1_26' title='bbox 964 568 1121 653; x_wconf 77' lang='grc' dir='ltr'><strong><em>Βροῦττιος</em></strong></span> 
     </span>
     <span class='ocr_line' id='line_1_5' title="bbox 106 665 1120 753; baseline 0.001 -21"><span class='ocrx_word' id='word_1_27' title='bbox 106 667 236 746; x_wconf 73' lang='grc' dir='ltr'><strong><em>πολλοὺς</em></strong></span> <span class='ocrx_word' id='word_1_28' title='bbox 258 665 442 752; x_wconf 64' lang='lat' dir='ltr'>germenrode</span> <span class='ocrx_word' id='word_1_29' title='bbox 464 665 537 733; x_wconf 75' lang='lat' dir='ltr'>noodr</span> <span class='ocrx_word' id='word_1_30' title='bbox 560 667 591 734; x_wconf 85' lang='grc' dir='ltr'>τὸ</span> <span class='ocrx_word' id='word_1_31' title='bbox 615 667 659 734; x_wconf 76' lang='grc' dir='ltr'>ιδ’</span> <span class='ocrx_word' id='word_1_32' title='bbox 681 671 743 746; x_wconf 67' lang='grc' dir='ltr'><strong><em>ἔτος</em></strong></span> <span class='ocrx_word' id='word_1_33' title='bbox 764 675 963 751; x_wconf 76' lang='grc' dir='ltr'><strong><em>Δομετιανοῦ·</em></strong></span> <span class='ocrx_word' id='word_1_34' title='bbox 979 693 1120 753; x_wconf 78' lang='grc' dir='ltr'><strong><em>μεμαρτυ-</em></strong></span> 
     </span>
     <span class='ocr_line' id='line_1_6' title="bbox 104 767 1147 850; baseline 0 -20"><span class='ocrx_word' id='word_1_35' title='bbox 104 767 232 850; x_wconf 74' lang='grc' dir='ltr'><strong><em>ρηκέναι.</em></strong></span> <span class='ocrx_word' id='word_1_36' title='bbox 1134 783 1147 824; x_wconf 84' lang='lat'>⁵</span> 
     </span>
    </p>
   </div>
   <div class='ocr_carea' id='block_1_3' title="bbox 326 911 898 1002">
    <p class='ocr_par' dir='ltr' id='par_1_3' title="bbox 326 911 898 1002">
     <span class='ocr_line' id='line_1_7' title="bbox 326 911 898 1002; baseline 0 -2"><span class='ocrx_word' id='word_1_37' title='bbox 326 912 621 1002; x_wconf 78' lang='lat' dir='ltr'><strong>RVBELLIVS</strong></span> <span class='ocrx_word' id='word_1_38' title='bbox 653 911 898 1000; x_wconf 81' lang='lat' dir='ltr'><strong>BLANDVS</strong></span> 
     </span>
    </p>
   </div>
   <div class='ocr_carea' id='block_1_4' title="bbox 481 1061 743 1120">
    <p class='ocr_par' dir='ltr' id='par_1_4' title="bbox 481 1061 743 1120">
     <span class='ocr_line' id='line_1_8' title="bbox 481 1061 743 1120; baseline 0 -2"><span class='ocrx_word' id='word_1_39' title='bbox 481 1061 743 1120; x_wconf 75' lang='lat' dir='ltr'><strong>FRAGMENTVM</strong></span> 
     </span>
    </p>
   </div>
   <div class='ocr_carea' id='block_1_5' title="bbox 13 1170 1161 1792">
    <p class='ocr_par' dir='ltr' id='par_1_5' title="bbox 13 1170 1161 1792">
     <span class='ocr_line' id='line_1_9' title="bbox 194 1170 1121 1254; baseline 0.002 -17"><span class='ocrx_word' id='word_1_40' title='bbox 194 1170 228 1239; x_wconf 89' lang='lat' dir='ltr'>l.</span> <span class='ocrx_word' id='word_1_41' title='bbox 252 1178 341 1240; x_wconf 85' lang='lat' dir='ltr'>Seru.</span> <span class='ocrx_word' id='word_1_42' title='bbox 357 1179 400 1239; x_wconf 83' lang='lat' dir='ltr'>od</span> <span class='ocrx_word' id='word_1_43' title='bbox 419 1177 743 1254; x_wconf 72' lang='lat' dir='ltr'>Verg.georg.1103</span> <span class='ocrx_word' id='word_1_44' title='bbox 763 1175 839 1238; x_wconf 88' lang='lat' dir='ltr'>Sane</span> <span class='ocrx_word' id='word_1_45' title='bbox 862 1175 1017 1240; x_wconf 83' lang='lat' dir='ltr'>Rubellius</span> <span class='ocrx_word' id='word_1_46' title='bbox 1036 1176 1121 1239; x_wconf 86' lang='lat' dir='ltr'><strong>Blau-</strong></span> 
     </span>
     <span class='ocr_line' id='line_1_10' title="bbox 103 1263 1120 1345; baseline 0.002 -19"><span class='ocrx_word' id='word_1_47' title='bbox 103 1264 159 1326; x_wconf 86' lang='lat' dir='ltr'>dus</span> <span class='ocrx_word' id='word_1_48' title='bbox 183 1273 213 1326; x_wconf 91' lang='lat' dir='ltr'>et</span> <span class='ocrx_word' id='word_1_49' title='bbox 232 1265 445 1345; x_wconf 80' lang='lat' dir='ltr'><strong>Quadrigarius</strong></span> <span class='ocrx_word' id='word_1_50' title='bbox 471 1265 527 1344; x_wconf 84' lang='lat' dir='ltr'>[sr.</span> <span class='ocrx_word' id='word_1_51' title='bbox 543 1265 583 1327; x_wconf 81' lang='lat'>91</span> <span class='ocrx_word' id='word_1_52' title='bbox 604 1285 634 1343; x_wconf 83' lang='lat' dir='ltr'>p.</span> <span class='ocrx_word' id='word_1_53' title='bbox 649 1263 724 1342; x_wconf 86' lang='lat'><strong><em>151]</em></strong></span> <span class='ocrx_word' id='word_1_54' title='bbox 753 1265 890 1328; x_wconf 77' lang='lat' dir='ltr'>historici</span> <span class='ocrx_word' id='word_1_55' title='bbox 917 1265 1022 1328; x_wconf 88' lang='lat' dir='ltr'>dicunt</span> <span class='ocrx_word' id='word_1_56' title='bbox 1049 1265 1120 1328; x_wconf 85' lang='lat' dir='ltr'><strong>Gar·</strong></span> 
     </span>
     <span class='ocr_line' id='line_1_11' title="bbox 103 1353 1121 1432; baseline 0.002 -16"><span class='ocrx_word' id='word_1_57' title='bbox 103 1371 207 1432; x_wconf 88' lang='lat' dir='ltr'><strong>garum</strong></span> <span class='ocrx_word' id='word_1_58' title='bbox 234 1354 346 1416; x_wconf 90' lang='lat' dir='ltr'>ssumen</span> <span class='ocrx_word' id='word_1_59' title='bbox 373 1357 475 1417; x_wconf 85' lang='lat' dir='ltr'><strong>uocari</strong></span> <span class='ocrx_word' id='word_1_60' title='bbox 503 1354 667 1416; x_wconf 86' lang='lat' dir='ltr'>infinibus</span> <span class='ocrx_word' id='word_1_61' title='bbox 691 1353 842 1416; x_wconf 83' lang='lat' dir='ltr'>Thurinis.</span> <span class='ocrx_word' id='word_1_62' title='bbox 879 1364 910 1416; x_wconf 87' lang='lat' dir='ltr'>at</span> <span class='ocrx_word' id='word_1_63' title='bbox 932 1354 1005 1417; x_wconf 92' lang='lat' dir='ltr'>illud</span> <span class='ocrx_word' id='word_1_64' title='bbox 1029 1355 1121 1418; x_wconf 80' lang='lat' dir='ltr'>fuisse</span> 
     </span>
     <span class='ocr_line' id='line_1_12' title="bbox 104 1441 1121 1525; baseline 0.004 -24"><span class='ocrx_word' id='word_1_65' title='bbox 104 1443 245 1522; x_wconf 90' lang='lat' dir='ltr'>oppidum</span> <span class='ocrx_word' id='word_1_66' title='bbox 266 1443 424 1525; x_wconf 86' lang='lat' dir='ltr'>mediocre,</span> <span class='ocrx_word' id='word_1_67' title='bbox 440 1443 518 1524; x_wconf 88' lang='lat' dir='ltr'>qnod</span> <span class='ocrx_word' id='word_1_68' title='bbox 535 1441 629 1524; x_wconf 90' lang='lat' dir='ltr'><strong>Garga</strong></span> <span class='ocrx_word' id='word_1_69' title='bbox 644 1463 724 1506; x_wconf 88' lang='lat' dir='ltr'>nunc</span> <span class='ocrx_word' id='word_1_70' title='bbox 744 1445 830 1504; x_wconf 91' lang='lat' dir='ltr'>uicus</span> <span class='ocrx_word' id='word_1_71' title='bbox 850 1451 904 1525; x_wconf 91' lang='lat' dir='ltr'>est,</span> <span class='ocrx_word' id='word_1_72' title='bbox 924 1462 1013 1524; x_wconf 88' lang='lat' dir='ltr'>quem</span> <span class='ocrx_word' id='word_1_73' title='bbox 1027 1442 1121 1506; x_wconf 83' lang='lat' dir='ltr'>Troes</span> 
     </span>
     <span class='ocr_line' id='line_1_13' title="bbox 13 1530 1161 1616; baseline 0.003 -25"><span class='ocrx_word' id='word_1_74' title='bbox 13 1569 14 1574; x_wconf 22' lang='grc' dir='ltr'><strong>κ</strong></span> <span class='ocrx_word' id='word_1_75' title='bbox 105 1530 225 1593; x_wconf 87' lang='lat' dir='ltr'>obscuri</span> <span class='ocrx_word' id='word_1_76' title='bbox 258 1541 378 1594; x_wconf 86' lang='lat' dir='ltr'>centum</span> <span class='ocrx_word' id='word_1_77' title='bbox 407 1534 621 1614; x_wconf 81' lang='lat' dir='ltr'>quinquaginta</span> <span class='ocrx_word' id='word_1_78' title='bbox 648 1533 749 1616; x_wconf 87' lang='lat' dir='ltr'>ignoto</span> <span class='ocrx_word' id='word_1_79' title='bbox 778 1541 808 1594; x_wconf 91' lang='lat' dir='ltr'>et</span> <span class='ocrx_word' id='word_1_80' title='bbox 836 1535 951 1595; x_wconf 88' lang='lat' dir='ltr'>incerto</span> <span class='ocrx_word' id='word_1_81' title='bbox 975 1530 1051 1595; x_wconf 89' lang='lat' dir='ltr'>duoe</span> <span class='ocrx_word' id='word_1_82' title='bbox 1074 1535 1161 1595; x_wconf 91' lang='lat' dir='ltr'>in·1o</span> 
     </span>
     <span class='ocr_line' id='line_1_14' title="bbox 104 1618 1121 1704; baseline 0.001 -23"><span class='ocrx_word' id='word_1_83' title='bbox 104 1618 257 1702; x_wconf 89' lang='lat' dir='ltr'>sederunt,</span> <span class='ocrx_word' id='word_1_84' title='bbox 281 1619 395 1683; x_wconf 88' lang='lat' dir='ltr'>scilicet</span> <span class='ocrx_word' id='word_1_85' title='bbox 413 1625 532 1683; x_wconf 88' lang='lat' dir='ltr'>nomine</span> <span class='ocrx_word' id='word_1_86' title='bbox 556 1641 573 1682; x_wconf 94' lang='lat' dir='ltr'><strong>a</strong></span> <span class='ocrx_word' id='word_1_87' title='bbox 596 1623 711 1683; x_wconf 88' lang='lat' dir='ltr'>uertice</span> <span class='ocrx_word' id='word_1_88' title='bbox 734 1619 821 1683; x_wconf 89' lang='lat' dir='ltr'>Idaeo</span> <span class='ocrx_word' id='word_1_89' title='bbox 845 1621 998 1704; x_wconf 86' lang='lat' dir='ltr'>translato,</span> <span class='ocrx_word' id='word_1_90' title='bbox 1021 1641 1038 1683; x_wconf 92' lang='lat' dir='ltr'><strong>a</strong></span> <span class='ocrx_word' id='word_1_91' title='bbox 1062 1641 1121 1703; x_wconf 84' lang='lat' dir='ltr'>quo</span> 
     </span>
     <span class='ocr_line' id='line_1_15' title="bbox 104 1710 1001 1792; baseline 0.001 -22"><span class='ocrx_word' id='word_1_92' title='bbox 104 1711 211 1770; x_wconf 86' lang='lat' dir='ltr'><strong>ciuitas</strong></span> <span class='ocrx_word' id='word_1_93' title='bbox 235 1713 323 1772; x_wconf 89' lang='lat' dir='ltr'>etiam</span> <span class='ocrx_word' id='word_1_94' title='bbox 346 1713 378 1771; x_wconf 92' lang='lat' dir='ltr'>in</span> <span class='ocrx_word' id='word_1_95' title='bbox 402 1710 511 1772; x_wconf 84' lang='lat' dir='ltr'>finibus</span> <span class='ocrx_word' id='word_1_96' title='bbox 534 1710 651 1772; x_wconf 86' lang='lat' dir='ltr'>Troicis</span> <span class='ocrx_word' id='word_1_97' title='bbox 675 1710 804 1790; x_wconf 83' lang='lat' dir='ltr'>Gargara</span> <span class='ocrx_word' id='word_1_98' title='bbox 828 1711 1001 1792; x_wconf 86' lang='lat' dir='ltr'><strong>appellatur.</strong></span> 
     </span>
    </p>
   </div>
   <div class='ocr_carea' id='block_1_6' title="bbox 325 1906 899 1996">
    <p class='ocr_par' dir='ltr' id='par_1_6' title="bbox 325 1906 899 1996">
     <span class='ocr_line' id='line_1_16' title="bbox 325 1906 899 1996; baseline 0.009 -5"><span class='ocrx_word' id='word_1_99' title='bbox 325 1906 582 1995; x_wconf 77' lang='lat' dir='ltr'><strong>IVVENOVS</strong></span> <span class='ocrx_word' id='word_1_100' title='bbox 613 1907 899 1996; x_wconf 80' lang='lat' dir='ltr'><strong>MARTIALIS</strong></span> 
     </span>
    </p>
   </div>
   <div class='ocr_carea' id='block_1_7' title="bbox 184 2055 1042 2113">
    <p class='ocr_par' dir='ltr' id='par_1_7' title="bbox 184 2055 1042 2113">
     <span class='ocr_line' id='line_1_17' title="bbox 184 2055 1042 2113; baseline 0.002 -3"><span class='ocrx_word' id='word_1_101' title='bbox 184 2055 233 2111; x_wconf 82' lang='lat' dir='ltr'>DE</span> <span class='ocrx_word' id='word_1_102' title='bbox 261 2055 351 2112; x_wconf 85' lang='lat' dir='ltr'><strong>IVLII</strong></span> <span class='ocrx_word' id='word_1_103' title='bbox 379 2055 553 2112; x_wconf 77' lang='lat' dir='ltr'>CAESARIS</span> <span class='ocrx_word' id='word_1_104' title='bbox 581 2056 757 2112; x_wconf 77' lang='lat' dir='ltr'>Hlsuoutn</span> <span class='ocrx_word' id='word_1_105' title='bbox 785 2056 1042 2113; x_wconf 84' lang='lat' dir='ltr'>TESTIMONIVM</span> 
     </span>
    </p>
   </div>
   <div class='ocr_carea' id='block_1_8' title="bbox 13 2164 1161 2958">
    <p class='ocr_par' dir='ltr' id='par_1_8' title="bbox 68 2164 1160 2429">
     <span class='ocr_line' id='line_1_18' title="bbox 68 2164 1121 2249; baseline 0.001 -19"><span class='ocrx_word' id='word_1_106' title='bbox 68 2164 101 2231; x_wconf 93' lang='lat' dir='ltr'>l.</span> <span class='ocrx_word' id='word_1_107' title='bbox 127 2169 230 2230; x_wconf 82' lang='lat' dir='ltr'>Sidon.</span> <span class='ocrx_word' id='word_1_108' title='bbox 254 2169 349 2247; x_wconf 76' lang='lat' dir='ltr'>Apoll.</span> <span class='ocrx_word' id='word_1_109' title='bbox 371 2169 470 2230; x_wconf 87' lang='lat' dir='ltr'><em>VIIII</em></span> <span class='ocrx_word' id='word_1_110' title='bbox 484 2170 527 2230; x_wconf 83' lang='grc'>14</span> <span class='ocrx_word' id='word_1_111' title='bbox 551 2168 609 2249; x_wconf 83' lang='lat' dir='ltr'>[ud</span> <span class='ocrx_word' id='word_1_112' title='bbox 630 2168 894 2247; x_wconf 75' lang='lat' dir='ltr'>Burgundionem]</span> <span class='ocrx_word' id='word_1_113' title='bbox 923 2169 1041 2231; x_wconf 83' lang='lat' dir='ltr'>Eminet</span> <span class='ocrx_word' id='word_1_114' title='bbox 1065 2170 1121 2232; x_wconf 91' lang='lat' dir='ltr'>tibi</span> 
     </span>
     <span class='ocr_line' id='line_1_19' title="bbox 103 2256 1120 2340; baseline 0.002 -22"><span class='ocrx_word' id='word_1_115' title='bbox 103 2256 243 2319; x_wconf 89' lang='lat' dir='ltr'>thematis</span> <span class='ocrx_word' id='word_1_116' title='bbox 266 2257 453 2320; x_wconf 85' lang='lat' dir='ltr'>celeberrimi</span> <span class='ocrx_word' id='word_1_117' title='bbox 480 2261 583 2321; x_wconf 90' lang='lat' dir='ltr'>uotiua</span> <span class='ocrx_word' id='word_1_118' title='bbox 607 2258 780 2340; x_wconf 80' lang='lat' dir='ltr'>redhibitio,</span> <span class='ocrx_word' id='word_1_119' title='bbox 804 2259 867 2320; x_wconf 90' lang='lat' dir='ltr'><strong>laus</strong></span> <span class='ocrx_word' id='word_1_120' title='bbox 891 2258 1032 2320; x_wconf 85' lang='lat' dir='ltr'>uidelicet</span> <span class='ocrx_word' id='word_1_121' title='bbox 1054 2278 1120 2339; x_wconf 87' lang='lat' dir='ltr'>per-</span> 
     </span>
     <span class='ocr_line' id='line_1_20' title="bbox 104 2346 1160 2429; baseline 0.004 -23"><span class='ocrx_word' id='word_1_122' title='bbox 104 2346 227 2428; x_wconf 90' lang='lat' dir='ltr'>oranda,</span> <span class='ocrx_word' id='word_1_123' title='bbox 251 2366 340 2426; x_wconf 88' lang='lat' dir='ltr'><strong>quam</strong></span> <span class='ocrx_word' id='word_1_124' title='bbox 363 2347 511 2429; x_wconf 88' lang='lat' dir='ltr'>edideras,</span> <span class='ocrx_word' id='word_1_125' title='bbox 537 2347 671 2409; x_wconf 89' lang='lat' dir='ltr'><strong>Caesaris</strong></span> <span class='ocrx_word' id='word_1_126' title='bbox 694 2346 770 2408; x_wconf 88' lang='lat' dir='ltr'>lolii.</span> <span class='ocrx_word' id='word_1_127' title='bbox 806 2366 882 2427; x_wconf 90' lang='lat' dir='ltr'><strong>quae</strong></span> <span class='ocrx_word' id='word_1_128' title='bbox 912 2351 1036 2409; x_wconf 88' lang='lat' dir='ltr'>materia</span> <span class='ocrx_word' id='word_1_129' title='bbox 1059 2357 1119 2410; x_wconf 89' lang='lat' dir='ltr'>tam</span> <span class='ocrx_word' id='word_1_130' title='bbox 1134 2369 1160 2411; x_wconf 78' lang='lat' dir='ltr'>aa</span> 
     </span>
    </p>

    <p class='ocr_par' dir='ltr' id='par_1_9' title="bbox 13 2435 1161 2871">
     <span class='ocr_line' id='line_1_21' title="bbox 13 2435 1120 2520; baseline 0.003 -25"><span class='ocrx_word' id='word_1_131' title='bbox 13 2493 25 2520; x_wconf 61' lang='grc'><strong>,</strong></span> <span class='ocrx_word' id='word_1_132' title='bbox 103 2435 224 2514; x_wconf 91' lang='lat' dir='ltr'><strong>grandis</strong></span> <span class='ocrx_word' id='word_1_133' title='bbox 244 2443 305 2517; x_wconf 88' lang='lat' dir='ltr'>est,</span> <span class='ocrx_word' id='word_1_134' title='bbox 323 2445 357 2498; x_wconf 93' lang='lat' dir='ltr'>ut</span> <span class='ocrx_word' id='word_1_135' title='bbox 377 2437 549 2499; x_wconf 89' lang='lat' dir='ltr'>studentum</span> <span class='ocrx_word' id='word_1_136' title='bbox 573 2439 599 2498; x_wconf 92' lang='lat' dir='ltr'>si</span> <span class='ocrx_word' id='word_1_137' title='bbox 618 2439 685 2517; x_wconf 88' lang='lat' dir='ltr'><strong>quis</strong></span> <span class='ocrx_word' id='word_1_138' title='bbox 705 2437 796 2498; x_wconf 81' lang='lat' dir='ltr'>fuerit</span> <span class='ocrx_word' id='word_1_139' title='bbox 817 2435 867 2497; x_wconf 90' lang='lat' dir='ltr'>ille</span> <span class='ocrx_word' id='word_1_140' title='bbox 886 2439 1120 2518; x_wconf 89' lang='lat' dir='ltr'>copiosissimus,</span> 
     </span>
     <span class='ocr_line' id='line_1_22' title="bbox 103 2522 1120 2605; baseline 0.004 -23"><span class='ocrx_word' id='word_1_141' title='bbox 103 2522 178 2583; x_wconf 89' lang='lat' dir='ltr'>nihil</span> <span class='ocrx_word' id='word_1_142' title='bbox 201 2523 328 2603; x_wconf 88' lang='lat' dir='ltr'><strong>amplius</strong></span> <span class='ocrx_word' id='word_1_143' title='bbox 347 2527 378 2585; x_wconf 92' lang='lat' dir='ltr'>in</span> <span class='ocrx_word' id='word_1_144' title='bbox 402 2527 466 2604; x_wconf 87' lang='lat' dir='ltr'><strong>ipsa</strong></span> <span class='ocrx_word' id='word_1_145' title='bbox 485 2524 592 2586; x_wconf 90' lang='lat' dir='ltr'>debeat</span> <span class='ocrx_word' id='word_1_146' title='bbox 615 2544 732 2605; x_wconf 88' lang='lat' dir='ltr'>cauere,</span> <span class='ocrx_word' id='word_1_147' title='bbox 752 2543 840 2604; x_wconf 80' lang='lat' dir='ltr'><strong>qrram</strong></span> <span class='ocrx_word' id='word_1_148' title='bbox 863 2544 901 2585; x_wconf 94' lang='lat' dir='ltr'>ne</span> <span class='ocrx_word' id='word_1_149' title='bbox 926 2526 997 2605; x_wconf 84' lang='lat' dir='ltr'>quid</span> <span class='ocrx_word' id='word_1_150' title='bbox 1021 2528 1120 2586; x_wconf 92' lang='lat' dir='ltr'>minus</span> 
     </span>
     <span class='ocr_line' id='line_1_23' title="bbox 104 2612 1121 2694; baseline 0.001 -22"><span class='ocrx_word' id='word_1_151' title='bbox 104 2612 190 2672; x_wconf 91' lang='lat' dir='ltr'>dicat.</span> <span class='ocrx_word' id='word_1_152' title='bbox 215 2614 331 2673; x_wconf 87' lang='lat' dir='ltr'>namsi</span> <span class='ocrx_word' id='word_1_153' title='bbox 354 2616 538 2694; x_wconf 92' lang='lat' dir='ltr'>omittantur,</span> <span class='ocrx_word' id='word_1_154' title='bbox 563 2631 637 2692; x_wconf 90' lang='lat' dir='ltr'><strong>quae</strong></span> <span class='ocrx_word' id='word_1_155' title='bbox 661 2614 698 2674; x_wconf 89' lang='lat' dir='ltr'>de</span> <span class='ocrx_word' id='word_1_156' title='bbox 722 2613 818 2675; x_wconf 88' lang='lat' dir='ltr'>titulis</span> <span class='ocrx_word' id='word_1_157' title='bbox 837 2614 991 2675; x_wconf 87' lang='lat' dir='ltr'>dictatoris</span> <span class='ocrx_word' id='word_1_158' title='bbox 1014 2616 1121 2675; x_wconf 90' lang='lat' dir='ltr'>inuicti</span> 
     </span>
     <span class='ocr_line' id='line_1_24' title="bbox 105 2700 1120 2783; baseline 0.001 -22"><span class='ocrx_word' id='word_1_159' title='bbox 105 2701 216 2780; x_wconf 89' lang='lat' dir='ltr'><strong>scripta</strong></span> <span class='ocrx_word' id='word_1_160' title='bbox 239 2700 391 2764; x_wconf 90' lang='lat' dir='ltr'><strong>Patauinis</strong></span> <span class='ocrx_word' id='word_1_161' title='bbox 420 2709 491 2762; x_wconf 88' lang='lat' dir='ltr'>sunt</span> <span class='ocrx_word' id='word_1_162' title='bbox 518 2700 736 2783; x_wconf 90' lang='lat' dir='ltr'>uoluminibus,</span> <span class='ocrx_word' id='word_1_163' title='bbox 764 2705 833 2781; x_wconf 86' lang='lat' dir='ltr'><strong>quis</strong></span> <span class='ocrx_word' id='word_1_164' title='bbox 862 2720 952 2781; x_wconf 87' lang='lat' dir='ltr'>opera</span> <span class='ocrx_word' id='word_1_165' title='bbox 977 2701 1120 2782; x_wconf 90' lang='lat' dir='ltr'>Suetonii,</span> 
     </span>
     <span class='ocr_line' id='line_1_25' title="bbox 105 2787 1161 2871; baseline 0.003 -22"><span class='ocrx_word' id='word_1_166' title='bbox 105 2791 172 2869; x_wconf 90' lang='lat' dir='ltr'><strong>quis</strong></span> <span class='ocrx_word' id='word_1_167' title='bbox 190 2788 314 2850; x_wconf 90' lang='lat' dir='ltr'>luneuei</span> <span class='ocrx_word' id='word_1_168' title='bbox 331 2787 474 2851; x_wconf 85' lang='lat' dir='ltr'><strong>Martialis</strong></span> <span class='ocrx_word' id='word_1_169' title='bbox 492 2789 656 2871; x_wconf 91' lang='lat' dir='ltr'>historiam,</span> <span class='ocrx_word' id='word_1_170' title='bbox 675 2793 781 2870; x_wconf 88' lang='lat' dir='ltr'>quisue</span> <span class='ocrx_word' id='word_1_171' title='bbox 800 2790 837 2851; x_wconf 92' lang='lat' dir='ltr'>ad</span> <span class='ocrx_word' id='word_1_172' title='bbox 857 2797 1022 2851; x_wconf 83' lang='lat' dir='ltr'>extremum</span> <span class='ocrx_word' id='word_1_173' title='bbox 1036 2789 1120 2851; x_wconf 79' lang='lat' dir='ltr'><strong>balbi</strong></span> <span class='ocrx_word' id='word_1_174' title='bbox 1134 2811 1161 2852; x_wconf 82' lang='lat' dir='ltr'>ro</span> 
     </span>
    </p>

    <p class='ocr_par' dir='ltr' id='par_1_10' title="bbox 73 2875 694 2958">
     <span class='ocr_line' id='line_1_26' title="bbox 73 2875 694 2958; baseline 0.003 -20"><span class='ocrx_word' id='word_1_175' title='bbox 73 2893 79 2904; x_wconf 92' lang='grc'><strong><em>·</em></strong></span> <span class='ocrx_word' id='word_1_176' title='bbox 105 2877 326 2957; x_wconf 87' lang='lat' dir='ltr'>ephemeridem</span> <span class='ocrx_word' id='word_1_177' title='bbox 350 2878 437 2939; x_wconf 84' lang='lat' dir='ltr'>fando</span> <span class='ocrx_word' id='word_1_178' title='bbox 461 2875 694 2958; x_wconf 81' lang='lat' dir='ltr'><strong>adaequauerit?</strong></span> 
     </span>
    </p>
   </div>
   <div class='ocr_carea' id='block_1_9' title="bbox 401 3075 819 3166">
    <p class='ocr_par' dir='ltr' id='par_1_11' title="bbox 401 3075 819 3166">
     <span class='ocr_line' id='line_1_27' title="bbox 401 3075 819 3166; baseline 0.002 -4"><span class='ocrx_word' id='word_1_179' title='bbox 401 3075 650 3166; x_wconf 74' lang='lat' dir='ltr'>Asuuius</span> <span class='ocrx_word' id='word_1_180' title='bbox 683 3076 819 3164; x_wconf 80' lang='lat' dir='ltr'><strong>SVRA</strong></span> 
     </span>
    </p>
   </div>
   <div class='ocr_carea' id='block_1_10' title="bbox 480 3225 741 3282">
    <p class='ocr_par' dir='ltr' id='par_1_12' title="bbox 480 3225 741 3282">
     <span class='ocr_line' id='line_1_28' title="bbox 480 3225 741 3282; baseline 0.008 -2"><span class='ocrx_word' id='word_1_181' title='bbox 480 3225 741 3282; x_wconf 78' lang='lat' dir='ltr'><strong>FRAGMENTVM</strong></span> 
     </span>
    </p>
   </div>
   <div class='ocr_carea' id='block_1_11' title="bbox 103 3332 1160 3688">
    <p class='ocr_par' dir='ltr' id='par_1_13' title="bbox 103 3332 1160 3688">
     <span class='ocr_line' id='line_1_29' title="bbox 196 3332 1120 3416; baseline 0.002 -18"><span class='ocrx_word' id='word_1_182' title='bbox 196 3332 228 3400; x_wconf 95' lang='grc'>1.</span> <span class='ocrx_word' id='word_1_183' title='bbox 264 3340 353 3401; x_wconf 86' lang='lat' dir='ltr'>Vetus</span> <span class='ocrx_word' id='word_1_184' title='bbox 373 3343 462 3416; x_wconf 73' lang='lat' dir='ltr'>gloss.</span> <span class='ocrx_word' id='word_1_185' title='bbox 488 3342 531 3402; x_wconf 82' lang='lat' dir='ltr'>od</span> <span class='ocrx_word' id='word_1_186' title='bbox 556 3341 624 3402; x_wconf 85' lang='lat' dir='ltr'>Vell.</span> <span class='ocrx_word' id='word_1_187' title='bbox 645 3340 754 3415; x_wconf 85' lang='grc'><strong><em>16,6</em></strong></span> <span class='ocrx_word' id='word_1_188' title='bbox 799 3339 941 3400; x_wconf 78' lang='lat' dir='ltr'>Aemilius</span> <span class='ocrx_word' id='word_1_189' title='bbox 976 3338 1051 3400; x_wconf 91' lang='lat' dir='ltr'><strong>Sura</strong></span> <span class='ocrx_word' id='word_1_190' title='bbox 1083 3339 1120 3400; x_wconf 92' lang='lat' dir='ltr'>de</span> 
     </span>
     <span class='ocr_line' id='line_1_30' title="bbox 105 3427 1120 3508; baseline 0.001 -21"><span class='ocrx_word' id='word_1_191' title='bbox 105 3428 192 3487; x_wconf 86' lang='lat' dir='ltr'>annis</span> <span class='ocrx_word' id='word_1_192' title='bbox 214 3427 317 3507; x_wconf 85' lang='lat' dir='ltr'>populi</span> <span class='ocrx_word' id='word_1_193' title='bbox 340 3427 479 3490; x_wconf 85' lang='lat' dir='ltr'>Romani:</span> <span class='ocrx_word' id='word_1_194' title='bbox 506 3428 620 3508; x_wconf 81' lang='lat' dir='ltr'><strong>Assyrii</strong></span> <span class='ocrx_word' id='word_1_195' title='bbox 646 3429 798 3507; x_wconf 89' lang='lat' dir='ltr'>principes</span> <span class='ocrx_word' id='word_1_196' title='bbox 827 3431 959 3489; x_wconf 89' lang='lat' dir='ltr'>omnium</span> <span class='ocrx_word' id='word_1_197' title='bbox 987 3429 1120 3506; x_wconf 90' lang='lat' dir='ltr'>gentium</span> 
     </span>
     <span class='ocr_line' id='line_1_31' title="bbox 105 3515 1120 3599; baseline 0 -23"><span class='ocrx_word' id='word_1_198' title='bbox 105 3533 206 3577; x_wconf 91' lang='lat' dir='ltr'>rerum</span> <span class='ocrx_word' id='word_1_199' title='bbox 234 3518 323 3595; x_wconf 90' lang='lat' dir='ltr'>potiti</span> <span class='ocrx_word' id='word_1_200' title='bbox 353 3525 435 3599; x_wconf 87' lang='lat' dir='ltr'>sunt,</span> <span class='ocrx_word' id='word_1_201' title='bbox 469 3516 575 3578; x_wconf 90' lang='lat' dir='ltr'>deinde</span> <span class='ocrx_word' id='word_1_202' title='bbox 604 3517 697 3598; x_wconf 86' lang='lat' dir='ltr'>Medi,</span> <span class='ocrx_word' id='word_1_203' title='bbox 729 3524 832 3596; x_wconf 90' lang='lat' dir='ltr'>postea</span> <span class='ocrx_word' id='word_1_204' title='bbox 858 3515 979 3597; x_wconf 88' lang='lat' dir='ltr'>Persae,</span> <span class='ocrx_word' id='word_1_205' title='bbox 1013 3515 1120 3577; x_wconf 91' lang='lat' dir='ltr'>deinde</span> 
     </span>
     <span class='ocr_line' id='line_1_32' title="bbox 103 3603 1160 3688; baseline 0 -23"><span class='ocrx_word' id='word_1_206' title='bbox 103 3603 294 3688; x_wconf 75' lang='lat' dir='ltr'>Macedones,</span> <span class='ocrx_word' id='word_1_207' title='bbox 322 3605 429 3668; x_wconf 85' lang='lat' dir='ltr'>exinde</span> <span class='ocrx_word' id='word_1_208' title='bbox 457 3605 575 3668; x_wconf 88' lang='lat' dir='ltr'>duobus</span> <span class='ocrx_word' id='word_1_209' title='bbox 602 3605 725 3686; x_wconf 87' lang='lat' dir='ltr'>regibus</span> <span class='ocrx_word' id='word_1_210' title='bbox 747 3604 884 3685; x_wconf 90' lang='lat' dir='ltr'>Philippo</span> <span class='ocrx_word' id='word_1_211' title='bbox 913 3615 942 3667; x_wconf 91' lang='lat' dir='ltr'>et</span> <span class='ocrx_word' id='word_1_212' title='bbox 965 3604 1119 3686; x_wconf 76' lang='lat' dir='ltr'>Antiocho,</span> <span class='ocrx_word' id='word_1_213' title='bbox 1133 3623 1160 3665; x_wconf 82' lang='lat' dir='ltr'>ro</span> 
     </span>
    </p>
   </div>
   <div class='ocr_carea' id='block_1_12' title="bbox 0 0 1319 4056">
    <p class='ocr_par' dir='ltr' id='par_1_14' title="bbox 0 0 1319 4056">
     <span class='ocr_line' id='line_1_33' title="bbox 0 0 1319 4056; baseline 0 0"><span class='ocrx_word' id='word_1_214' title='bbox 0 0 1319 4056; x_wconf 95' lang='lat' dir='ltr'> </span> 
     </span>
    </p>
   </div>
  </div>
 </body>
</html>
