2670 4058
168 213 210 282 76
355 216 385 283 Q.
405 215 537 272 FABIVS
555 215 726 272 MAXIMVS
746 209 991 272 sublimibus

229 457 273 562 Q.
292 457 482 544 FABIVS
506 457 749 548 MAXIMVS
774 457 1117 546 subtilisatis

537 603 540 608 ·
558 587 784 644 TESTIMONIA

133 697 166 765 1.
193 705 305 766 Consul
324 723 351 765 a.
373 705 445 764 142.
469 704 532 765 612
557 697 661 764 ‘rebus
688 707 719 763 in
747 705 898 780 Hispania
917 723 1068 784 prospere
1086 710 1183 782 acuis

166 795 263 856 labem
291 796 433 870 imposuit
456 811 537 872 pace
568 809 637 853 cum
672 793 789 854 Virioto
817 797 923 869 aequis
950 796 1182 860 condicionibus

163 877 264 958 sactu’
290 875 370 965 (Lia.
386 902 453 962 per.
473 874 574 964 LIV).
611 881 675 942 uid.
691 881 734 958 sr.
754 881 784 941 4.

132 964 167 1033 2.
191 998 233 1021 =
248 978 312 1033 test.
336 973 399 1033 Cat.
414 972 441 1032 t.
466 972 553 1034 Bion.
570 972 590 1031 I
604 970 632 1029 7.

451 1103 680 1180 ruuounurs
698 1121 897 1178 quxmvu

554 1208 610 1266 nx
633 1208 794 1266 uranon

258 1323 290 1389 l.
315 1329 403 1389 Seru.
425 1328 468 1387 od
488 1327 574 1402 Vero.
595 1327 669 1386 Aen.
685 1326 742 1385 13
764 1323 936 1405 Lauinaque
959 1330 1043 1388 uenit
1065 1327 1209 1408 littora]u

166 1415 409 1477 Laurolauinium
438 1419 555 1475 constat
582 1420 650 1475 octo
674 1413 794 1474 milibus
818 1433 834 1475 a
858 1415 933 1476 mari
956 1425 1112 1479 remotum.
1135 1451 1181 1461 —

166 1503 250 1566 Litus
273 1505 384 1566 dicitur
411 1512 491 1564 terra
519 1517 638 1582 quoque
666 1505 741 1564 mari
768 1504 875 1565 uicina.
893 1537 939 1547 —-
957 1503 1067 1567 Fabius
1089 1503 1180 1568 Maxi·

165 1612 233 1656 mus
252 1592 401 1654 annalium
421 1593 532 1671 primo:
550 1590 627 1652 'l'um
641 1591 756 1654 Aeneas
772 1611 859 1672 aegre
873 1593 1042 1673 patiebatur
1060 1597 1092 1656 in
1111 1613 1181 1658 eum

165 1683 483 1854 ῗυεηίῗὲὂῖςιυω,
517 1683 727 1742 macerrimum
763 1679 1072 1763 litorosissimumque.
1119 1681 1178 1766 (cf.

195 1789 253 1834 ton.
356 1818 362 1831 .
1194 1789 1221 1832 ιο

395 1904 580 1962 manuum
600 1905 703 1962 sunus
722 1905 950 1962 ruuounuru
976 1875 980 1882 ’

255 2015 290 2083 2.
313 2022 413 2084 Scluat.
435 2021 542 2082 Veron.
557 2023 601 2082 ad
620 2020 707 2095 Vera.
719 2037 825 2096 peona.
841 2021 898 2082 HI
911 2021 933 2080 7
945 2039 977 2098 p.
995 2019 1039 2080 79
1051 2022 1089 2082 K.
1105 2068 1112 2080 .
1127 2067 1134 2082 .
1149 2068 1156 2082 .
1172 2065 1179 2082 .

165 2157 307 2171 .......
323 2107 518 2189 Seruilianus,
531 2108 725 2169 historiarum
739 2107 888 2174 scribtor.
904 2157 910 2170 .
925 2157 932 2170 .
947 2155 956 2169 .
970 2157 976 2170 .
992 2157 999 2170 .
1014 2155 1021 2170 .
1037 2157 1043 2170 .
1060 2158 1067 2170 .
1083 2157 1090 2172 .
1105 2157 1111 2171 .
1127 2157 1133 2170 .
1149 2158 1156 2172 .
1171 2155 1178 2172 .

165 2201 245 2260 uerit
259 2198 407 2260 eburnum
421 2196 600 2278 appellatum
617 2196 747 2258 tradidit.
776 2197 911 2260 MIneraa
925 2244 1178 2260 ............

165 2306 202 2348 ex
225 2287 315 2348 ebore
334 2333 498 2350 ........
518 2293 618 2348 cetera
642 2285 773 2348 membra
796 2295 994 2366 reparassent.

255 2371 290 2440 3.
314 2378 421 2480 iiiuc.
448 2377 531 2438 VIII
545 2395 576 2453 p.
595 2375 663 2436 380
681 2377 718 2436 H.
757 2374 867 2437 Fabius
890 2375 1048 2438 Maximus:
1075 2377 1218 2438 Amittiu

164 2483 254 2544 quam
276 2483 377 2546 apisci
479 2515 482 2522 .

337 2599 393 2656 EX
412 2599 538 2670 (IVRIS
557 2598 804 2669 PONTIFICII)
823 2599 950 2657 LIBRO
969 2600 1008 2654 XI

253 2707 288 2775 4.
312 2715 451 2776 Macrob.
465 2721 521 2774 sat.
538 2713 620 2796 116,
634 2713 676 2774 25
705 2713 763 2774 Sed
782 2721 813 2774 et
827 2713 937 2774 Fabius
951 2712 1095 2774 Maximus
1111 2713 1177 2774 Ser·

164 2801 294 2864 ullianus
315 2802 449 2882 pontifex
477 2805 508 2863 in
536 2801 612 2863 libro
641 2801 817 2863 duodecimo
840 2809 929 2882 negat
951 2809 1089 2881 oportere
1113 2811 1177 2863 atro

164 2891 212 2952 die
230 2900 402 2972 parentare,
421 2893 490 2971 quia
514 2899 586 2960 tunc
606 2909 725 2970 quoque
744 2889 848 2952 lanum
868 2889 1029 2970 Ioniamque
1048 2891 1182 2970 praefari·

163 2997 287 3041 necesse
311 2987 370 3061 est,
394 2997 470 3059 quos
493 2982 640 3041 nominari
659 2988 723 3041 atro
747 2981 794 3040 die
817 2997 877 3040 non
901 2987 1026 3059 oportet.
1189 2995 1216 3037 uo

162 3180 207 3262 L.
228 3177 554 3266 CALPVRNIVS
577 3177 692 3264 PISO
713 3177 996 3266 uuusoutvs
1015 3177 1176 3265 buvet

561 3307 786 3366 TESTIMONIA

128 3417 160 3484 l.
188 3421 339 3484 Tribunus
353 3427 452 3502 plebis
470 3444 498 3486 a.
518 3422 590 3484 tao.
612 3423 688 3484 ⁶05.
717 3427 825 3484 consul
842 3441 870 3483 a.
889 3421 960 3481 133.
978 3420 1048 3499 621,
1067 3439 1127 3498 quo
1143 3425 1175 3484 iu

160 3510 270 3572 Sicilia
284 3515 435 3575 aduersus
446 3513 596 3590 suaitiuos
611 3513 718 3573 bellum
733 3507 835 3572 ‘uario
850 3503 971 3572 euentu'
984 3515 1080 3586 pessit
1091 3507 1173 3594 (Liu.

156 3617 223 3676 per.
238 3594 307 3684 58),
324 3620 434 3664 censor
448 3602 520 3662 120.
537 3600 611 3660 634.
