2638 4056
183 219 249 284 212
522 216 559 272 u.
580 215 703 273 nuncu
721 214 867 272 arnonis

185 373 229 432 αδ
241 387 269 430 ιι.
284 367 372 429 2013
386 367 458 428 Adr.
473 367 504 427 4.
522 366 590 426 750
608 366 801 444 p.145Sch.
825 365 862 427 M.
881 365 997 429 Tullius
1016 366 1096 449 Tiro,
1119 367 1200 428 Cice·
1316 401 1317 454 3

184 459 267 520 ronis
290 456 426 536 tibertus,
450 457 502 535 qui
524 456 640 535 primus
664 463 749 517 notas
768 463 953 518 commentus
973 463 1027 539 est,
1045 458 1078 517 in
1095 455 1200 518 Puteo·
1316 467 1317 476 ¹

184 546 252 608 lano
274 545 396 625 praedio
420 563 515 625 usque
539 545 576 606 ad
599 546 794 606 centesimum
818 561 928 607 aunum
952 547 1147 607 consenescit.

150 631 184 697 2.
212 635 326 698 Ὶλιίλίκε
343 634 413 696 Tiro
428 641 538 697 auctor
552 635 651 695 Plinio
666 637 697 695 io
711 641 775 696 και.
789 636 856 696 dist.
870 653 929 696 sec.
941 637 1002 696 ιἰιδ.
1017 637 1049 696 io
1064 637 1142 697 libro
1157 617 1199 694 ῘΙ.

185 773 415 844 annonantur
432 783 623 842 amaonvm
640 783 689 840 mc
707 785 797 841 νινε
815 784 851 842 u.
867 783 990 842 uvnnn
1009 785 1201 842 cronnoms
1316 831 1317 834 a

121 869 176 963 5-9
276 877 334 948 1*.
360 885 431 946 Geli.
447 883 469 944 I
473 883 498 942 V
508 881 597 956 10‚5
620 880 649 941 C.
665 879 773 943 Caesar
790 884 822 943 in
841 882 1006 968 consulatu,
1024 900 1114 962 quem
1132 900 1200 944 oum
1215 891 1227 933 ⁵

124 971 175 1020 695
185 973 222 1034 M.
242 971 348 1034 Bibulo
367 973 468 1053 gessit,
492 978 620 1051 quatuor
643 968 722 1030 solos
741 977 824 1032 extra
843 970 978 1034 ordinem
996 991 1117 1052 rogasse
1137 989 1201 1032 sen·

186 1064 308 1123 tentiam
327 1060 446 1122 dicitur,
472 1079 507 1121 ex
526 1059 573 1120 his
593 1065 721 1138 quatuor
738 1061 906 1140 principem
925 1060 1048 1141 rogabat
1066 1059 1103 1123 Μ.
1119 1061 1202 1122 Cras·

186 1168 262 1232 sum,
276 1149 328 1211 sed
343 1157 501 1230 postquam
520 1149 610 1209 filiam
624 1146 676 1207 Cn.
691 1145 831 1228 Pompeio
851 1149 1059 1232 desponderat,
1072 1151 1202 1230 primum

186 1247 326 1320 coeperat
348 1239 523 1318 Pompeium
546 1253 660 1316 rogare.
697 1237 762 1297 eius
789 1240 834 1298 rei
863 1240 1009 1300 rationem
1036 1239 1202 1301 reddidisse

187 1346 257 1389 eum
271 1330 388 1390 senatui
398 1328 468 1389 Tiro
483 1325 608 1405 Tullius,
623 1323 660 1387 M.
671 1325 824 1387 Ciceronis
839 1324 973 1409 libertus,
987 1328 1088 1409 refert,
1103 1330 1241 1409 itaque1⁰

190 1435 222 1478 se
246 1435 281 1478 ex
305 1425 430 1496 patrono
453 1435 509 1477 suo
533 1414 651 1476 audisse
675 1415 776 1476 refert.
816 1453 818 1459 ι

121 1503 177 1582 ,51
276 1500 309 1567 2.
334 1507 443 1568 Αεοοκ.
461 1509 492 1566 in
507 1505 611 1566 Milon.
628 1520 658 1580 p.
673 1503 718 1563 43
731 1505 769 1564 K.
794 1503 836 1566 ue
859 1513 1029 1585 oppugnata
1048 1507 1135 1567 domo
1156 1505 1202 1584 [L.

124 1592 175 1641 697
190 1593 318 1672 Caecili]
338 1613 486 1674 nusquam
505 1591 601 1654 adhuc
625 1591 692 1670 legi.
715 1591 875 1673 Pompeius
894 1602 1002 1677 tamen,
1020 1614 1088 1657 cum
1104 1595 1203 1657 deien-

186 1683 271 1745 deret
289 1682 427 1745 Milonem
451 1682 530 1761 apud
553 1679 704 1761 populum,
728 1680 763 1741 de
788 1684 820 1744 ui
840 1692 998 1746 accusante
1017 1683 1128 1766 Clodio,
1151 1684 1203 1746 ob-

186 1774 270 1853 iecit,
284 1779 319 1834 ut
333 1771 458 1852 legimus
473 1771 552 1852 apud
565 1769 719 1849 Tironem,
735 1767 877 1833 libertum
891 1771 1058 1855 Ciceronis,
1076 1775 1107 1834 in
1126 1771 1203 1834 libro
1218 1780 1244 1821 15

187 1858 241 1922 1111
256 1861 292 1921 de
308 1863 369 1923 uita
384 1863 458 1942 eius,
473 1876 649 1940 oppressum
662 1876 682 1919 a
697 1857 798 1922 Clodio
808 1859 840 1922 L.
852 1861 1013 1926 Caecilium
1026 1870 1203 1944 praetorem.

123 1928 178 2008 ᾗ
277 1945 337 2013 3*.
362 1948 576 2011 protereret
612 1936 709 2008 Adraa
736 1943 793 2030 γάρ
821 1950 895 2013 εἰσιν
926 1952 960 2013 αδ
979 1947 1132 2035 λεγόμεναι
1152 1955 1205 2032 τῆς

126 2018 177 2070 ⁷⁰³
187 2043 364 2122 διαστάσεως
388 2047 445 2126 [Μ.
464 2049 620 2110 Ciceronis
638 2053 667 2108 et
689 2039 1111 2131 Τονοκίίατ],ειἰπρεπέσταται
1132 2071 1204 2130 προ-

187 2141 301 2227 φάσεις.
340 2150 383 2232 Τῇ
416 2143 450 2207 δὲ
479 2146 615 2228 Τερεντίᾳ
646 2143 696 2206 καί
728 2140 835 2220 ταάτας
866 2139 1037 2231 ἀρνουμένῃ
1067 2141 1205 2228 λαμπράν

187 2241 307 2322 ἐποίησε
328 2267 383 2323 την
405 2234 570 2324 άπολογίαν
592 2234 681 2316 αὐτὸς
704 2241 815 2317 ἐκεῖνος
833 2235 897 2322 prr}
914 2237 952 2306 οδ
974 2239 1070 2306 πολδν
1093 2239 1201 2325 χρόνον
1216 2253 1244 2294 ²0
1312 2271 1317 2317 ,ι

187 2335 284 2421 γήμας
306 2338 469 2419 παρθένον,
493 2335 532 2414 ὡς
556 2336 610 2420 μέν
631 2333 651 2420 ἡ
673 2343 810 2422 Τερωπία
827 2337 1032 2422 κατεφήμιζεν,
1051 2341 1135 2422 ἔρωτι
1152 2346 1205 2422 τῆς

188 2433 277 2520 δέρας,
300 2431 342 2511 ὥς
363 2433 397 2499 δὲ
419 2438 516 2517 Τίρων
538 2431 626 2501 deod
644 2436 815 2519 Κικέρωνος
832 2433 1031 2519 ἀπελεύθερος
1047 2437 1205 2521 γέγραφεν,

188 2529 329 2613 εὐπορίας
358 2532 458 2607 ἕνεκεν
483 2528 559 2614 πρὸς
591 2529 727 2597 διάλυσιν
759 2537 894 2599 δανείων.
932 2526 971 2616 ἦν
998 2530 1055 2619 γάρ
1081 2531 1101 2618 ἡ
1134 2541 1206 2611 παῖς

187 2627 306 2711 σφόδρα
323 2633 459 2709 πλουσία,
478 2630 528 2693 καί
545 2626 600 2712 τὴν
618 2627 724 2695 οδσίαν
746 2628 839 2712 αὐτῆς
861 2628 878 2697 δ
897 2633 1035 2716 Κικέρων
1057 2634 1091 2697 έν
1112 2637 1205 2698 πίστει

187 2725 371 2811 κληρονόμος
397 2724 594 2809 ἀπολειφθεὶς
625 2727 822 2810 διεφύλαττεν.
867 2723 998 2811 ὀφείλων
1030 2730 1063 2795 δὲ
1094 2729 1204 2807 πολλάς
1219 2740 1246 2780 2⁵

188 2822 335 2905 μυριάδας
360 2820 420 2889 ὑπὸ
447 2830 507 2888 τῶν
533 2828 630 2907 φίλων
657 2826 707 2900 καί
734 2827 851 2891 οἰκείων
878 2819 1002 2911 ἐπείσθη
1030 2827 1084 2911 τὴν
1110 2831 1205 2893 παῖδα

187 2926 278 3004 γῆμαι
309 2914 382 3005 παρ’
408 2917 526 3004 ἡλικίαν
562 2922 612 2985 καί
647 2920 717 2999 τοὺς
753 2923 907 3003 δανειστάς
943 2924 1109 3005 ἀπαλλάξαι
1144 2935 1205 3004 τοῖς

188 3017 302 3100 έκείνης
323 3016 516 3102 χρησάμενον.

124 3105 180 3186 ff.
277 3110 335 3181 4²¹³.
363 3119 456 3182 Tacit.
476 3123 547 3182 dial.
561 3119 606 3178 17
628 3117 702 3180 Nam
725 3128 759 3183 ut
782 3122 820 3184 de
838 3122 982 3187 Cicerone
1005 3127 1071 3204 ipso
1090 3123 1203 3208 loquar,

127 3195 177 3246 711
188 3203 285 3266 Hirtio
308 3225 415 3289 nempe
444 3216 474 3271 et
496 3208 591 3269 Pansa
615 3207 803 3294 consulibus,
830 3220 864 3275 ut
887 3212 958 3274 Tiro
985 3212 1110 3275 libertus
1139 3216 1204 3276 eius
1218 3219 1248 3263 ³⁰

189 3296 322 3377 scripsit,
355 3298 481 3378 septimo
509 3297 576 3358 idus
599 3298 782 3363 Decembres
810 3304 927 3364 occisus
955 3310 1009 3362 est.
1047 3298 1101 3385 (cf.
1125 3305 1204 3366 Plut.
1316 3339 1317 3386 ;

193 3392 253 3454 oie.
273 3393 318 3454 49
346 3385 423 3456 οὕτω
451 3389 507 3478 γάρ
530 3392 606 3458 ένιοι
632 3399 691 3458 τῶν
719 3397 914 3481 συγγραφέων
937 3395 1125 3481 ἱστορήκασιν
1153 3400 1205 3480 [de
1316 3391 1317 3404 ¹

188 3499 286 3553 morte
303 3490 482 3571 cicerones}
506 3485 522 3556 ό
538 3486 566 3552 δ’
583 3487 675 3556 ednod
689 3499 742 3557 τοῦ
756 3492 926 3575 Κικέρωνος
939 3489 1141 3580 ἀπελεύθερος
1158 3500 1204 3560 Τί-

189 3611 251 3668 ρων
263 3584 295 3652 τὸ
310 3584 452 3671 παράπαν
466 3586 538 3654 οὐδὲ
552 3588 694 3670 μέμνηται
707 3595 759 3673 τῆς
772 3596 824 3656 τοῦ
839 3589 1005 3677 Φιλολόγου
1019 3593 1205 3680 προδοσίας.)
