2638 4056
184 219 248 286 178
477 220 509 275 L.
528 218 703 275 CORNELII
721 217 905 275 sisterem

273 363 333 432 4*.
357 370 446 431 Seru.
461 371 505 431 od
524 371 612 444 Vero.
627 369 701 430 Aen.
717 368 739 429 Ι
746 368 814 429 108
829 366 910 429 llaec
924 376 1023 430 autem
1037 387 1108 431 saxa
1122 371 1203 431 inter

183 457 322 539 dirioam,
346 457 478 519 Siciliam
501 465 531 520 et
555 456 721 520 Sardiniam
745 465 777 519 et
793 456 907 518 ltaliam
930 467 1009 540 sunt,
1033 475 1109 538 qnae
1132 475 1203 520 saxa

184 546 223 609 oh
245 546 303 608 hoc
326 545 392 609 itali
414 564 481 608 aras
503 554 622 627 nocant,
645 546 726 626 quod
748 545 791 608 ihi
812 545 878 608 hiri
899 554 931 608 et
948 546 1074 608 Romani
1097 547 1204 610 ioedus

184 637 318 698 inierunt
340 643 371 697 et
393 636 469 697 dues
491 637 610 715 imperii
632 637 681 696 sui
702 634 765 696 illio
787 653 853 697 esse
876 635 1047 699 notuerunt
1064 669 1102 680 -
1126 655 1204 718 quae

185 743 253 786 arae
276 743 292 786 a
317 724 442 787 Sisenna
465 727 612 806 propitiae
636 731 792 786 uocantur.
1216 747 1232 788 ⁵

122 823 174 902 Q
275 817 334 885 5⁸.
353 825 450 886 Cicer.
464 825 503 885 de
517 826 612 885 dicein.
627 823 650 884 I
659 824 714 898 44,
729 821 773 883 99
791 821 936 885 Caeciliae
946 823 980 894 Q.
994 823 1072 885 dliaa
1086 825 1203 884 somnio

123 913 176 963 ⁶64
186 911 273 973 modo
292 911 419 974 hlarsioo
441 911 520 973 hello
543 911 688 991 templum
707 919 753 972 est
775 929 792 972 a
815 919 922 974 senatu
942 912 1050 974 lunoni
1067 912 1204 992 Sospitae

184 1003 366 1064 restitutum.
382 1000 468 1073 Quod
478 1001 598 1083 quidem
613 1002 762 1063 somnium
773 1000 899 1062 Sisenna
908 1002 1204 1081 cumdisputauisset
1313 1045 1314 1088 ,

185 1090 310 1152 mirifice
337 1091 374 1153 ad
403 1089 530 1153 uerhum
558 1108 627 1152 cum
654 1107 688 1152 re
716 1091 908 1171 conuenisse,
938 1097 1001 1152 tum
1030 1089 1203 1169 insolenter,
1313 1093 1314 1106 ¹

185 1179 275 1241 credo
299 1179 335 1242 ab
354 1179 502 1259 Epicureo
526 1178 626 1259 aliquo
649 1178 799 1260 inductus,
822 1179 955 1257 disputat
977 1181 1101 1242 somniis
1119 1179 1202 1241 credi
1217 1192 1247 1233 ιο

185 1287 246 1331 non
268 1277 417 1348 oportere.
447 1268 526 1331 idem
550 1275 653 1329 contra
676 1275 792 1328 ostenta
815 1266 890 1328 nihil
913 1267 1045 1348 disputat
1068 1270 1202 1348 exponit·

187 1376 254 1438 que,
277 1359 363 1420 initio
386 1356 458 1420 belli
476 1356 595 1418 Marsici
618 1364 649 1417 et
672 1355 798 1418 deornm
820 1355 979 1419 simulacra
998 1358 1152 1420 sudauisse
1172 1367 1203 1418 et

186 1449 361 1526 sanguinem
393 1447 514 1509 fluxisse
547 1453 578 1508 et
609 1444 783 1507 discessisse
816 1446 931 1508 caelum
962 1455 993 1508 et
1020 1464 1056 1509 ex
1083 1445 1202 1508 occulto

186 1535 303 1598 auditas
316 1555 383 1598 esse
397 1553 497 1617 uoces,
512 1553 587 1615 quae
601 1533 734 1613 pericula
748 1533 819 1596 helli
834 1537 1016 1618 nuntiarent,
1031 1544 1061 1598 et
1074 1535 1203 1596 Lanuuii

187 1624 310 1706 clipeos,
341 1625 421 1706 quod
453 1621 663 1702 haruspicibus
689 1625 905 1686 tristissumum
933 1627 1033 1688 uisum
1064 1631 1157 1705 esset,
1186 1636 1247 1686 a1⁵

186 1713 323 1776 muribus
347 1731 413 1774 esse
436 1713 569 1775 derosos.

277 1797 310 1864 6.
334 1803 409 1864 Non.
423 1821 446 1864 s.
462 1822 491 1864 u.
500 1803 647 1880 protinus
660 1821 692 1879 p.
707 1801 754 1862 37
756 1801 778 1862 6
801 1801 928 1865 Sisenna
950 1801 1093 1865 historiae
1111 1801 1161 1863 lib.
1176 1803 1203 1865 l:

186 1891 280 1953 Nocte
304 1898 480 1972 consumpta
502 1898 624 1971 postero
648 1892 696 1952 die
713 1908 769 1970 per
787 1893 917 1955 incertas
938 1894 1004 1954 uias
1021 1892 1204 1973 Aeserniam,

189 1979 258 2042 inde
282 1979 406 2042 Romam
428 1983 567 2060 protinus
590 1980 793 2063 profugerant.

566 2133 621 2189 EX
644 2133 769 2192 LIBRO
794 2135 820 2189 ΙΙ

278 2239 312 2308 7.
336 2245 475 2309 Macrob.
493 2255 549 2309 rot.
571 2249 616 2309 VI
631 2249 722 2325 415
750 2248 808 2310 Sed
828 2257 858 2310 et
877 2248 1002 2310 Sisenna
1020 2250 1051 2308 in
1070 2246 1203 2308 secundo
1218 2260 1247 2300 2⁰
1310 2201 1313 2310 l

187 2333 274 2395 dixit:
307 2331 344 2396 Et
367 2333 457 2396 Marsi
484 2339 608 2418 propius
637 2339 803 2400 succedunt
830 2345 920 2418 atquo
946 2339 987 2398 lta
1014 2337 1108 2398 scutis
1134 2352 1203 2415 pro-

187 2423 273 2484 iectis
287 2424 360 2484 tecti
374 2442 443 2486 saxa
457 2429 593 2488 certatim
603 2423 627 2508 †
638 2427 718 2490 lenta
731 2426 869 2489 manibus
886 2427 1038 2489 coniciunt
1051 2427 1082 2486 in
1091 2424 1203 2485 hostes.

279 2515 312 2583 8.
336 2519 374 2582 Et
396 2524 428 2584 in
452 2523 569 2588 eodem:
593 2523 685 2588 Vetus
703 2534 792 2606 atque
811 2527 918 2604 ingens
941 2530 1005 2584 erat
1023 2521 1113 2584 arhor
1134 2520 1204 2603 ilex,

188 2627 264 2689 quae
287 2612 401 2672 circum
423 2613 567 2694 proiectis
590 2617 681 2676 ramis
705 2616 846 2676 maiorem
869 2621 985 2691 partem
1012 2610 1070 2672 loci
1093 2613 1203 2671 summi

188 2698 314 2778 tegebat.
1216 2711 1248 2753 2⁶

277 2783 311 2851 9.
336 2791 412 2853 Nou.
426 2811 449 2853 s.
464 2811 493 2854 u.
508 2798 682 2856 remulccre
691 2811 722 2870 p.
737 2792 784 2852 57
806 2789 931 2851 Sisenna
947 2785 1088 2848 historiae
1101 2783 1152 2845 lih.
1162 2783 1203 2848 11:

189 2875 222 2939 Si
245 2896 320 2958 quae
344 2878 482 2943 celeriter
506 2882 582 2944 solui
605 2888 731 2961 poterat,
754 2882 785 2940 in
803 2877 895 2938 altum
914 2874 1046 2937 remulco
1068 2873 1203 2938 retrahit.

562 3031 615 3089 EX
637 3030 764 3088 LIBRO
790 3029 829 3084 111

279 3137 336 3205 lu.
360 3147 434 3208 Non.
459 3145 496 3225 [s.
514 3165 543 3208 u.
563 3142 698 3222 nolitote]
718 3162 749 3221 p.
769 3143 837 3206 480
862 3141 987 3205 Sisenna
1009 3142 1203 3203 historiarum
1310 3093 1312 3190 l

188 3229 238 3292 lih.
252 3230 306 3292 lll:
325 3231 453 3297 Nolitote
473 3237 590 3316 mirare,
610 3251 697 3313 quam
717 3233 874 3312 desperata
894 3232 1047 3294 uoluntate
1061 3229 1097 3292 ad
1113 3248 1204 3292 unam
1311 3223 1312 3270 t

188 3316 258 3380 helli
281 3320 410 3385 faciendi
432 3325 512 3386 uiam
527 3371 535 3385 .
550 3372 557 3386 .
573 3371 601 3384 ..
1218 3351 1249 3393 so

279 3413 337 3482 ll.
362 3423 437 3485 Nou.
460 3441 483 3483 a.
506 3441 536 3484 u.
557 3420 830 3499 imbricesp.125
863 3418 988 3479 Sisenna
1011 3417 1204 3479 historiarum

186 3505 264 3655 {ihm
287 3495 340 3572 lll:
369 3510 525 3589 Dissipatis
553 3509 713 3573 imbricum
736 3507 931 3589 fragminibus
954 3525 989 3569 ac
1011 3508 1097 3569 testis
1120 3513 1205 3585 tegu-

198 3613 292 3660 arum,
