2620 4054
172 174 239 240 306
280 176 310 230 r.
330 175 899 234 FLAVIIVESPASIANITEST.1—3.
918 177 1053 232 nuncu.
1066 184 1091 232 1.
1109 142 1113 150 ’

341 435 383 518 o.
416 435 636 521 nonnius
668 434 1019 523 usrnsuuvs

276 577 367 644 (nutus
386 590 411 629 a.
431 581 455 630 9.
473 581 532 644 762,
551 574 705 646 imperator
723 592 747 629 ιι.
768 581 809 630 69.
825 580 877 630 822
897 606 931 615 -
951 581 992 630 79.
1013 577 1085 646 832.)

439 689 663 746 rnsrruonrn
681 689 730 744 ou
749 667 923 744 nrsronrn

137 795 170 863 l.
198 802 268 864 Tac.
282 805 350 864 hist.
365 805 404 865 ΙΙ
414 804 460 864 80
483 803 559 863 Tum
582 802 827 863 Antiochensium
850 802 1001 863 theatrum
1025 804 1190 883 ingressus,

170 889 224 951 ubi
242 891 301 952 illis
321 893 489 954 consultare
504 907 568 951 mos
582 897 642 973 est,
656 900 871 953 concurrentes
890 900 920 952 et
938 893 970 952 in
989 891 1188 954 adulationem

172 980 281 1042 effusos
309 980 492 1061 adloquitur,
525 981 597 1040 satis
631 980 759 1041 decorus
794 983 882 1042 etiam
911 980 1022 1042 Graeca
1050 982 1187 1043 facundia

171 1071 372 1151 omniumque,
392 1087 467 1148 quae
486 1067 601 1129 diceret
620 1078 708 1150 atque
728 1077 837 1151 ageret,
856 1077 920 1131 arte
943 1070 1069 1150 quadam
1089 1077 1186 1131 osten·

170 1165 256 1219 tator.
280 1159 355 1220 Aur.
378 1159 451 1220 Vici.
470 1157 631 1238 Coeo.9,1
654 1157 823 1220 Facundiae
842 1159 921 1220 haud
941 1178 1032 1240 egens
1050 1178 1215 1239 promen-⁵

170 1247 216 1307 dis
240 1263 315 1325 quae
339 1256 482 1308 senserat

135 1328 170 1396 2.
193 1336 340 1411 Iosephus
363 1339 395 1396 ιἰι
418 1340 471 1397 uit.
494 1353 552 1398 suo
575 1343 686 1398 contra
704 1338 821 1399 Iustum
845 1341 877 1399 in
899 1340 1029 1400 historio
1052 1341 1187 1399 oemula-

169 1442 264 1496 torem
279 1451 304 1495 c.
322 1433 365 1494 65
381 1427 458 1495 Ἀλλ’
475 1433 545 1509 ἴσως
559 1429 593 1495 τὰ
608 1429 681 1495 κατὰ
695 1437 754 1497 τῶν
763 1429 1003 1515 Ἱεροσολυμιτῶν
1017 1432 1187 1516 πραχθέντα

168 1525 227 1610 μετ’
248 1524 399 1610 ἀκριβείας
422 1527 529 1610 φήσεις
547 1529 795 1614 συγγεγραφέναι·
818 1530 868 1593 καλ
886 1536 950 1606 πῶς
968 1526 1034 1595 οἷόν
1051 1555 1094 1606 τε;
1118 1527 1187 1594 οῦτε

167 1623 223 1709 γὰρ
247 1626 364 1712 πολέμῳ
388 1627 546 1710 παρέτυχες
578 1625 644 1692 οῦτε
666 1623 701 1690 τὰ
724 1630 875 1711 Καίσαρος
897 1624 1030 1712 ἀνέγνως
1051 1624 1185 1712 ῦπομνή-
1199 1651 1227 1691 ao

167 1749 251 1805 ματα.
287 1723 422 1807 μέγιστον
449 1723 484 1806 δὲ
508 1719 679 1807 τεκμήριον,
705 1732 766 1801 τοῖς
792 1722 849 1808 γὰρ
876 1728 1028 1808 Καίσαρος
1050 1721 1186 1808 mimi·
1289 1813 1292 1820 ,

169 1841 258 1902 μασιν
276 1821 414 1885 ἐναντίαν
431 1825 592 1903 πεποίησαι
608 1817 664 1904 τὴν
681 1819 816 1906 γραφήν·
836 1825 863 1886 εί
879 1821 912 1887 δέ
925 1831 1048 1906 θαρρεῖς
1062 1820 1189 1904 ἄμεινον’

167 1916 308 1983 ῦπαντων
331 1919 581 2004 συγγεγραφέναι,
609 1917 660 1984 διὰ
686 1923 715 1984 τί
742 1916 859 1994 ζεόντων
884 1917 1112 1985 Οὐεσπασιανοῦ
1134 1920 1185 1982 καί

170 2020 258 2083 Τίτου
280 2025 340 2083 τιῦν
363 2015 588 2100 αὐτοκρατόρων
610 2023 670 2082 των
690 2014 745 2082 τὸν
761 2014 891 2099 πόλεμον
914 2015 1183 2102 κατεργασαμένων,

167 2116 217 2180 καί
236 2116 378 2198 βασιλέως
392 2112 539 2199 Ἀγρίππα
557 2111 712 2196 περιόντος
726 2116 767 2180 ἔτι
779 2116 831 2178 καί
844 2119 903 2179 τῶν
921 2117 954 2179 έιι
967 2117 1073 2198 γένους
1091 2110 1184 2178 αὐτοῦ
1198 2137 1225 2178 τε

166 2208 298 2291 πόντων,
320 2208 445 2294 ἀνδρῶν
462 2217 514 2292 τῆς
527 2207 703 2294 Ἑλληνικῆς
720 2214 857 2288 παιδείας
875 2212 924 2275 ε’πί
942 2218 1077 2274 πλεῖστον
1095 2206 1183 2293 ἡκόν·
1306 2229 1307 2257 ¹

166 2333 235 2390 των,
258 2306 313 2391 τὴν
335 2311 467 2391 ἱστορίαν
490 2307 547 2374 οῦκ
569 2311 672 2391 ἔφερες
695 2312 736 2386 είς
759 2309 862 2391 μέσον,

130 2402 166 2470 3.
191 2409 307 2486 Ioseph.
331 2416 440 2470 contro
463 2411 569 2487 Apion.
588 2411 610 2470 I
627 2411 672 2470 10
695 2413 767 2483 Πῶς
789 2398 845 2469 οῦν
867 2401 923 2469 οῦκ
940 2401 979 2468 ἂν
996 2413 1120 2489 θρασεῖς
1141 2433 1184 2484 τις

165 2499 307 2586 ἡγήσαιτο
334 2501 404 2581 τοῦς
431 2501 684 2588 ἅνταγωνίζεσθαί
709 2528 759 2585 μοι
784 2501 851 2584 περί
876 2508 929 2584 τῆς
955 2500 1100 2585 ἀληθείας
1122 2505 1182 2569 έπι-

165 2598 381 2684 κεχειρηκότας;
410 2605 441 2666 οἳ
465 2599 524 2666 κᾶν
550 2610 611 2678 τοῖς
638 2607 698 2666 τῶν
725 2597 949 2683 αὐτοκρατόρων
971 2597 1182 2684 ὑπομνήμασιν
1195 2625 1223 2668 no

165 2698 296 2781 έντυχεῖν
323 2699 462 2783 λέγωσιν,
484 2697 548 2763 ἀλλ’
579 2697 616 2763 οῦ
638 2722 671 2781 γε
693 2698 743 2760 καί
768 2705 829 2774 τοῖς
851 2695 1001 2782 ἡμετέροις
1023 2706 1083 2765 τῶν
1105 2697 1182 2764 ἄντι-

164 2792 374 2877 πολεμοῦντων
396 2795 548 2881 πράγμασι
569 2797 742 2879 παρέτυχον.

362 2941 712 3000 couofflnrnuionvu
728 2940 989 2999 FRAGMENTVM

101 3125 155 3134 2-—

102 3141 154 3193 819
164 3147 324 3238 παρόντα),
345 3148 467 3233 Ἰοῦστε,
490 3149 636 3219 δεινότατε
660 3152 856 3237 συγγραφέων
880 3149 979 3238 (τοῦτο
1001 3148 1058 3235 γὰρ
1081 3148 1180 3236 αὐχεῖς

112 3055 147 3104 66
261 3051 294 3118 l.
319 3041 436 3133 Ioseph.
454 3058 508 3117 ut't.
529 3056 572 3117 65
594 3059 667 3130 Πῶς
689 3045 746 3118 οῦν
769 3049 835 3139 (ἴνα
858 3059 906 3135 φῦ
929 3052 1004 3138 πρὸς
1026 3051 1117 3119 αὐτὸν
1140 3039 1182 3132 οῦς
1287 3055 1296 3125 ‘t

163 3250 230 3332 περλ
258 3243 409 3334 σεαυτοῦ),
433 3251 520 3315 αἴτιοι
549 3247 715 3340 γεγόναμεν
744 3247 803 3335 έγοό
834 3274 864 3314 τε
893 3250 943 3313 καλ
969 3255 1120 3313 Γαλιλαῖοι
1143 3254 1178 3339 τῇ
1193 3283 1221 3324 25
1293 3277 1294 3281 ¹

162 3347 280 3427 πατρίδι
312 3365 367 3410 σου
404 3352 456 3428 τῆς
492 3342 567 3428 πρὸς
593 3342 756 3430 Ῥωμαίους
786 3346 836 3412 καί
867 3344 943 3430 πρὸς
974 3373 1026 3412 τον
1058 3347 1180 3430 βασιλέα

163 3440 307 3519 στόσεως;
331 3439 474 3526 πρότερον
495 3441 552 3528 γὰρ
574 3441 593 3526 ἢ
618 3445 668 3527 ἐμὲ
690 3452 742 3527 τῆς
759 3447 917 3520 Γαλιλαίας
939 3441 1101 3527 στρατηγὸν
1118 3439 1178 3509 ὑπὸ

1286 3346 1292 3519 χ

161 3545 215 3603 τοῦ
233 3547 338 3605 κοινοῦ
357 3547 417 3605 τῶν
425 3536 663 3624 Ἱεροσολυμιτῶν
680 3547 936 3626 χειροτονηθῆναι,
950 3561 987 3605 συ
1006 3541 1057 3604 καί
1070 3536 1180 3620 πάντες
1289 3565 1290 3597 ι
