<?xml version="1.0" encoding="UTF-8"?>
<!DOCTYPE html PUBLIC "-//W3C//DTD XHTML 1.0 Transitional//EN"
    "http://www.w3.org/TR/xhtml1/DTD/xhtml1-transitional.dtd">
<html xmlns="http://www.w3.org/1999/xhtml" xml:lang="en" lang="en">
 <head>
  <title>
</title>
<meta http-equiv="Content-Type" content="text/html;charset=utf-8" />
  <meta name='ocr-system' content='tesseract 3.04.00' />
  <meta name='ocr-capabilities' content='ocr_page ocr_carea ocr_par ocr_line ocrx_word'/>
</head>
<body>
  <div class='ocr_page' id='page_1' title='image "./historicorumrom02petegoog_0218.png"; bbox 0 0 2638 4056; ppageno 0'>
   <div class='ocr_carea' id='block_1_1' title="bbox 204 217 1124 287">
    <p class='ocr_par' dir='ltr' id='par_1_1' title="bbox 204 217 1124 287">
     <span class='ocr_line' id='line_1_1' title="bbox 204 217 1124 287; baseline 0.002 -13"><span class='ocrx_word' id='word_1_1' title='bbox 204 217 339 276; x_wconf 79' lang='lat' dir='ltr'><strong>FRAGM.</strong></span> <span class='ocrx_word' id='word_1_2' title='bbox 360 223 609 276; x_wconf 72' lang='lat' dir='ltr'><strong>128-1a7.1-4.</strong></span> <span class='ocrx_word' id='word_1_3' title='bbox 645 218 737 274; x_wconf 83' lang='lat' dir='ltr'>IVNII</span> <span class='ocrx_word' id='word_1_4' title='bbox 755 217 869 274; x_wconf 78' lang='lat' dir='ltr'>OONGI</span> <span class='ocrx_word' id='word_1_5' title='bbox 886 219 985 277; x_wconf 84' lang='lat' dir='ltr'><strong>TEST.</strong></span> <span class='ocrx_word' id='word_1_6' title='bbox 1007 226 1030 276; x_wconf 91' lang='lat'><strong>1.</strong></span> <span class='ocrx_word' id='word_1_7' title='bbox 1060 221 1124 287; x_wconf 82' lang='grc'><strong>189</strong></span> 
     </span>
    </p>
   </div>
   <div class='ocr_carea' id='block_1_2' title="bbox 106 362 1152 984">
    <p class='ocr_par' dir='ltr' id='par_1_2' title="bbox 110 362 1125 538">
     <span class='ocr_line' id='line_1_2' title="bbox 202 362 1125 448; baseline 0 -16"><span class='ocrx_word' id='word_1_8' title='bbox 202 362 284 432; x_wconf 76' lang='grc'><strong>136.</strong></span> <span class='ocrx_word' id='word_1_9' title='bbox 300 369 375 430; x_wconf 83' lang='lat' dir='ltr'><strong>Non.</strong></span> <span class='ocrx_word' id='word_1_10' title='bbox 383 385 407 428; x_wconf 76' lang='lat' dir='ltr'><strong>a.</strong></span> <span class='ocrx_word' id='word_1_11' title='bbox 417 386 446 428; x_wconf 85' lang='lat' dir='ltr'><strong>u.</strong></span> <span class='ocrx_word' id='word_1_12' title='bbox 457 372 558 430; x_wconf 81' lang='lat' dir='ltr'><strong>senati</strong></span> <span class='ocrx_word' id='word_1_13' title='bbox 565 374 596 431; x_wconf 88' lang='lat' dir='ltr'><strong>et</strong></span> <span class='ocrx_word' id='word_1_14' title='bbox 604 372 739 430; x_wconf 67' lang='lat' dir='ltr'><strong>erumnis</strong></span> <span class='ocrx_word' id='word_1_15' title='bbox 745 388 776 446; x_wconf 84' lang='lat' dir='ltr'><strong>p.</strong></span> <span class='ocrx_word' id='word_1_16' title='bbox 783 369 850 430; x_wconf 79' lang='grc'><strong>484</strong></span> <span class='ocrx_word' id='word_1_17' title='bbox 859 368 941 431; x_wconf 86' lang='lat' dir='ltr'>Idem</span> <span class='ocrx_word' id='word_1_18' title='bbox 953 367 1125 448; x_wconf 66' lang='lat' dir='ltr'><strong>[sesennap</strong></span> 
     </span>
     <span class='ocr_line' id='line_1_3' title="bbox 110 455 983 538; baseline 0 -18"><span class='ocrx_word' id='word_1_19' title='bbox 110 457 206 520; x_wconf 88' lang='lat' dir='ltr'><strong>Simul</strong></span> <span class='ocrx_word' id='word_1_20' title='bbox 228 465 259 518; x_wconf 89' lang='lat' dir='ltr'><strong>et</strong></span> <span class='ocrx_word' id='word_1_21' title='bbox 282 455 414 518; x_wconf 78' lang='lat' dir='ltr'><strong>senatuis</strong></span> <span class='ocrx_word' id='word_1_22' title='bbox 438 456 585 519; x_wconf 79' lang='lat' dir='ltr'><strong>consultis</strong></span> <span class='ocrx_word' id='word_1_23' title='bbox 608 456 782 520; x_wconf 81' lang='lat' dir='ltr'><strong>clarissimis</strong></span> <span class='ocrx_word' id='word_1_24' title='bbox 804 458 983 538; x_wconf 84' lang='lat' dir='ltr'><strong>amplideati</strong></span> 
     </span>
    </p>

    <p class='ocr_par' dir='ltr' id='par_1_3' title="bbox 106 541 1152 984">
     <span class='ocr_line' id='line_1_4' title="bbox 201 541 1125 621; baseline 0.001 -13"><span class='ocrx_word' id='word_1_25' title='bbox 201 541 283 608; x_wconf 76' lang='lat'><strong>137.</strong></span> <span class='ocrx_word' id='word_1_26' title='bbox 308 548 383 607; x_wconf 76' lang='lat' dir='ltr'><strong>dell.</strong></span> <span class='ocrx_word' id='word_1_27' title='bbox 397 545 470 606; x_wconf 83' lang='lat' dir='ltr'><strong>XII</strong></span> <span class='ocrx_word' id='word_1_28' title='bbox 479 546 561 621; x_wconf 68' lang='lat' dir='ltr'><strong>Iar</strong></span> <span class='ocrx_word' id='word_1_29' title='bbox 585 546 658 610; x_wconf 82' lang='lat' dir='ltr'><strong>Cum</strong></span> <span class='ocrx_word' id='word_1_30' title='bbox 681 545 885 610; x_wconf 76' lang='lat' dir='ltr'><strong>lectitaremus</strong></span> <span class='ocrx_word' id='word_1_31' title='bbox 907 547 1062 610; x_wconf 76' lang='lat' dir='ltr'><strong>ilstoriam</strong></span> <span class='ocrx_word' id='word_1_32' title='bbox 1081 547 1125 609; x_wconf 61' lang='lat' dir='ltr'><strong>sta</strong></span> 
     </span>
     <span class='ocr_line' id='line_1_5' title="bbox 109 632 1125 714; baseline 0.001 -17"><span class='ocrx_word' id='word_1_33' title='bbox 109 654 220 697; x_wconf 88' lang='lat' dir='ltr'><strong>sennae</strong></span> <span class='ocrx_word' id='word_1_34' title='bbox 244 635 379 714; x_wconf 84' lang='lat' dir='ltr'><strong>adsidue,</strong></span> <span class='ocrx_word' id='word_1_35' title='bbox 402 632 610 698; x_wconf 79' lang='lat' dir='ltr'><strong>huirrsoemodi</strong></span> <span class='ocrx_word' id='word_1_36' title='bbox 632 637 744 714; x_wconf 74' lang='lat' dir='ltr'><strong>flgeuoe</strong></span> <span class='ocrx_word' id='word_1_37' title='bbox 768 635 909 698; x_wconf 85' lang='lat' dir='ltr'><strong>aduerhia</strong></span> <span class='ocrx_word' id='word_1_38' title='bbox 936 638 968 698; x_wconf 82' lang='lat' dir='ltr'><strong>in</strong></span> <span class='ocrx_word' id='word_1_39' title='bbox 990 640 1125 698; x_wconf 86' lang='lat' dir='ltr'><strong>oratione</strong></span> 
     </span>
     <span class='ocr_line' id='line_1_6' title="bbox 107 724 1152 806; baseline -0.001 -18"><span class='ocrx_word' id='word_1_40' title='bbox 107 727 174 788; x_wconf 88' lang='lat' dir='ltr'><strong>eius</strong></span> <span class='ocrx_word' id='word_1_41' title='bbox 196 724 475 803; x_wconf 78' lang='lat' dir='ltr'><strong>animaduertimus,</strong></span> <span class='ocrx_word' id='word_1_42' title='bbox 500 725 634 786; x_wconf 82' lang='lat' dir='ltr'><strong>cuimodi</strong></span> <span class='ocrx_word' id='word_1_43' title='bbox 656 733 728 788; x_wconf 72' lang='lat' dir='ltr'><strong>sunt</strong></span> <span class='ocrx_word' id='word_1_44' title='bbox 754 724 841 787; x_wconf 83' lang='lat' dir='ltr'><strong>haee:</strong></span> <span class='ocrx_word' id='word_1_45' title='bbox 864 724 996 806; x_wconf 82' lang='lat' dir='ltr'><strong>Cursiur,</strong></span> <span class='ocrx_word' id='word_1_46' title='bbox 1019 736 1152 806; x_wconf 77' lang='lat' dir='ltr'><strong>prope-⁶</strong></span> 
     </span>
     <span class='ocr_line' id='line_1_7' title="bbox 107 810 1124 895; baseline 0 -19"><span class='ocrx_word' id='word_1_47' title='bbox 107 816 206 894; x_wconf 80' lang='lat' dir='ltr'><strong>ratim,</strong></span> <span class='ocrx_word' id='word_1_48' title='bbox 230 813 356 894; x_wconf 80' lang='lat' dir='ltr'><strong>celatim,</strong></span> <span class='ocrx_word' id='word_1_49' title='bbox 375 810 544 894; x_wconf 86' lang='lat' dir='ltr'><strong>uellieatim,</strong></span> <span class='ocrx_word' id='word_1_50' title='bbox 567 813 725 876; x_wconf 74' lang='lat' dir='ltr'><strong>salutatim.</strong></span> <span class='ocrx_word' id='word_1_51' title='bbox 749 813 795 874; x_wconf 82' lang='lat' dir='ltr'><strong>Ex</strong></span> <span class='ocrx_word' id='word_1_52' title='bbox 811 813 923 893; x_wconf 81' lang='lat' dir='ltr'><strong>quibus</strong></span> <span class='ocrx_word' id='word_1_53' title='bbox 938 815 1001 876; x_wconf 87' lang='lat' dir='ltr'><strong>duo</strong></span> <span class='ocrx_word' id='word_1_54' title='bbox 1017 817 1124 895; x_wconf 86' lang='lat' dir='ltr'><strong>prima,</strong></span> 
     </span>
     <span class='ocr_line' id='line_1_8' title="bbox 106 898 1124 984; baseline 0.001 -20"><span class='ocrx_word' id='word_1_55' title='bbox 106 905 178 982; x_wconf 83' lang='lat' dir='ltr'><strong>quie</strong></span> <span class='ocrx_word' id='word_1_56' title='bbox 198 911 273 964; x_wconf 82' lang='lat' dir='ltr'><strong>sunt</strong></span> <span class='ocrx_word' id='word_1_57' title='bbox 295 905 420 981; x_wconf 82' lang='lat' dir='ltr'><strong>notiora,</strong></span> <span class='ocrx_word' id='word_1_58' title='bbox 443 902 588 982; x_wconf 82' lang='lat' dir='ltr'><strong>exemplis</strong></span> <span class='ocrx_word' id='word_1_59' title='bbox 611 921 671 964; x_wconf 90' lang='lat' dir='ltr'><strong>uon</strong></span> <span class='ocrx_word' id='word_1_60' title='bbox 689 901 870 982; x_wconf 75' lang='lat' dir='ltr'><strong>indigebant.</strong></span> <span class='ocrx_word' id='word_1_61' title='bbox 893 898 971 984; x_wconf 82' lang='lat' dir='ltr'><strong>(seq.</strong></span> <span class='ocrx_word' id='word_1_62' title='bbox 983 903 1028 979; x_wconf 80' lang='lat' dir='ltr'><strong>fr.</strong></span> <span class='ocrx_word' id='word_1_63' title='bbox 1036 900 1124 984; x_wconf 72' lang='lat'><em>126.)</em></span> 
     </span>
    </p>
   </div>
   <div class='ocr_carea' id='block_1_3' title="bbox 336 1053 898 1122">
    <p class='ocr_par' dir='ltr' id='par_1_4' title="bbox 336 1053 898 1122">
     <span class='ocr_line' id='line_1_9' title="bbox 336 1053 898 1122; baseline 0 -12"><span class='ocrx_word' id='word_1_64' title='bbox 336 1053 497 1114; x_wconf 80' lang='lat' dir='ltr'>INGERTA</span> <span class='ocrx_word' id='word_1_65' title='bbox 514 1055 565 1112; x_wconf 78' lang='lat' dir='ltr'><strong>EX</strong></span> <span class='ocrx_word' id='word_1_66' title='bbox 584 1056 716 1122; x_wconf 76' lang='lat' dir='ltr'>QVIBVS</span> <span class='ocrx_word' id='word_1_67' title='bbox 736 1053 898 1114; x_wconf 74' lang='lat' dir='ltr'><strong>scalpris</strong></span> 
     </span>
    </p>
   </div>
   <div class='ocr_carea' id='block_1_4' title="bbox 108 1163 1165 2031">
    <p class='ocr_par' dir='ltr' id='par_1_5' title="bbox 109 1163 1125 1338">
     <span class='ocr_line' id='line_1_10' title="bbox 201 1163 1125 1246; baseline -0.002 -14"><span class='ocrx_word' id='word_1_68' title='bbox 201 1163 233 1232; x_wconf 86' lang='lat' dir='ltr'><strong>l.</strong></span> <span class='ocrx_word' id='word_1_69' title='bbox 257 1172 355 1232; x_wconf 79' lang='lat' dir='ltr'><strong>Prisc.</strong></span> <span class='ocrx_word' id='word_1_70' title='bbox 376 1170 458 1232; x_wconf 83' lang='lat' dir='ltr'>VIII</span> <span class='ocrx_word' id='word_1_71' title='bbox 473 1189 505 1246; x_wconf 83' lang='lat' dir='ltr'><strong>p.</strong></span> <span class='ocrx_word' id='word_1_72' title='bbox 517 1169 584 1230; x_wconf 82' lang='grc'><strong>385</strong></span> <span class='ocrx_word' id='word_1_73' title='bbox 597 1170 635 1230; x_wconf 86' lang='lat' dir='ltr'><strong>H.</strong></span> <span class='ocrx_word' id='word_1_74' title='bbox 662 1169 802 1231; x_wconf 79' lang='lat' dir='ltr'><strong>Sisenna:</strong></span> <span class='ocrx_word' id='word_1_75' title='bbox 820 1169 916 1231; x_wconf 87' lang='lat' dir='ltr'><strong>Vitam</strong></span> <span class='ocrx_word' id='word_1_76' title='bbox 934 1187 1004 1231; x_wconf 85' lang='lat' dir='ltr'><strong>oum</strong></span> <span class='ocrx_word' id='word_1_77' title='bbox 1024 1169 1125 1230; x_wconf 86' lang='lat' dir='ltr'><strong>dolore</strong></span> 
     </span>
     <span class='ocr_line' id='line_1_11' title="bbox 109 1259 764 1338; baseline 0 -18"><span class='ocrx_word' id='word_1_78' title='bbox 109 1268 141 1320; x_wconf 88' lang='lat' dir='ltr'><strong>et</strong></span> <span class='ocrx_word' id='word_1_79' title='bbox 158 1260 268 1338; x_wconf 81' lang='lat' dir='ltr'><strong>insigni</strong></span> <span class='ocrx_word' id='word_1_80' title='bbox 285 1261 422 1320; x_wconf 88' lang='lat' dir='ltr'><strong>orueiatu</strong></span> <span class='ocrx_word' id='word_1_81' title='bbox 445 1259 634 1320; x_wconf 84' lang='lat' dir='ltr'><strong>earnifioetus</strong></span> <span class='ocrx_word' id='word_1_82' title='bbox 658 1261 764 1320; x_wconf 71' lang='lat' dir='ltr'><strong>ammit.</strong></span> 
     </span>
    </p>

    <p class='ocr_par' dir='ltr' id='par_1_6' title="bbox 108 1342 1165 1586">
     <span class='ocr_line' id='line_1_12' title="bbox 200 1342 1165 1426; baseline -0.001 -17"><span class='ocrx_word' id='word_1_83' title='bbox 200 1342 233 1410; x_wconf 79' lang='lat'><strong>2.</strong></span> <span class='ocrx_word' id='word_1_84' title='bbox 248 1347 573 1425; x_wconf 38' lang='lat' dir='ltr'><strong>enumerem</strong></span> <span class='ocrx_word' id='word_1_85' title='bbox 586 1349 622 1408; x_wconf 84' lang='lat' dir='ltr'><strong>II.</strong></span> <span class='ocrx_word' id='word_1_86' title='bbox 643 1347 781 1410; x_wconf 85' lang='lat' dir='ltr'><strong>Sisenna:</strong></span> <span class='ocrx_word' id='word_1_87' title='bbox 796 1348 846 1409; x_wconf 83' lang='lat' dir='ltr'><strong>Sia</strong></span> <span class='ocrx_word' id='word_1_88' title='bbox 861 1350 892 1408; x_wconf 90' lang='lat' dir='ltr'><strong>in</strong></span> <span class='ocrx_word' id='word_1_89' title='bbox 907 1365 972 1408; x_wconf 85' lang='lat' dir='ltr'><strong>eam</strong></span> <span class='ocrx_word' id='word_1_90' title='bbox 986 1347 1124 1426; x_wconf 82' lang='lat' dir='ltr'><strong>paludem</strong></span> <span class='ocrx_word' id='word_1_91' title='bbox 1140 1359 1165 1400; x_wconf 80' lang='lat'><strong>1⁰</strong></span> 
     </span>
     <span class='ocr_line' id='line_1_13' title="bbox 108 1435 1125 1516; baseline -0.001 -18"><span class='ocrx_word' id='word_1_92' title='bbox 108 1435 197 1498; x_wconf 90' lang='lat' dir='ltr'><strong>multi</strong></span> <span class='ocrx_word' id='word_1_93' title='bbox 216 1438 343 1516; x_wconf 76' lang='lat' dir='ltr'><strong>plocium</strong></span> <span class='ocrx_word' id='word_1_94' title='bbox 377 1435 588 1497; x_wconf 88' lang='lat' dir='ltr'><strong>sallieudorum</strong></span> <span class='ocrx_word' id='word_1_95' title='bbox 618 1455 708 1497; x_wconf 87' lang='lat' dir='ltr'><strong>causa</strong></span> <span class='ocrx_word' id='word_1_96' title='bbox 735 1456 751 1496; x_wconf 92' lang='lat' dir='ltr'><strong>a</strong></span> <span class='ocrx_word' id='word_1_97' title='bbox 778 1435 907 1497; x_wconf 90' lang='lat' dir='ltr'><strong>nauibus</strong></span> <span class='ocrx_word' id='word_1_98' title='bbox 935 1439 1125 1497; x_wconf 88' lang='lat' dir='ltr'><strong>semionustis</strong></span> 
     </span>
     <span class='ocr_line' id='line_1_14' title="bbox 110 1534 285 1586; baseline 0 0"><span class='ocrx_word' id='word_1_99' title='bbox 110 1534 285 1586; x_wconf 83' lang='lat' dir='ltr'><strong>commeant.</strong></span> 
     </span>
    </p>

    <p class='ocr_par' dir='ltr' id='par_1_7' title="bbox 109 1609 1126 1782">
     <span class='ocr_line' id='line_1_15' title="bbox 200 1609 1126 1691; baseline -0.001 -16"><span class='ocrx_word' id='word_1_100' title='bbox 200 1609 233 1676; x_wconf 84' lang='lat'><strong>3.</strong></span> <span class='ocrx_word' id='word_1_101' title='bbox 258 1615 346 1676; x_wconf 78' lang='lat' dir='ltr'><strong>Paul.</strong></span> <span class='ocrx_word' id='word_1_102' title='bbox 373 1633 397 1675; x_wconf 89' lang='lat' dir='ltr'><strong>s.</strong></span> <span class='ocrx_word' id='word_1_103' title='bbox 420 1633 449 1674; x_wconf 86' lang='lat' dir='ltr'><strong>o.</strong></span> <span class='ocrx_word' id='word_1_104' title='bbox 473 1616 687 1676; x_wconf 83' lang='lat' dir='ltr'><strong>mediterreom</strong></span> <span class='ocrx_word' id='word_1_105' title='bbox 711 1632 742 1691; x_wconf 84' lang='lat' dir='ltr'><strong>p.</strong></span> <span class='ocrx_word' id='word_1_106' title='bbox 761 1614 824 1674; x_wconf 80' lang='lat'><strong>123</strong></span> <span class='ocrx_word' id='word_1_107' title='bbox 842 1615 887 1675; x_wconf 88' lang='grc' dir='ltr'><strong>Μ.</strong></span> <span class='ocrx_word' id='word_1_108' title='bbox 919 1612 1126 1674; x_wconf 84' lang='lat' dir='ltr'><strong>Mediterream</strong></span> 
     </span>
     <span class='ocr_line' id='line_1_16' title="bbox 109 1701 947 1782; baseline 0 -19"><span class='ocrx_word' id='word_1_109' title='bbox 109 1701 216 1763; x_wconf 86' lang='lat' dir='ltr'><strong>melius</strong></span> <span class='ocrx_word' id='word_1_110' title='bbox 241 1721 329 1782; x_wconf 84' lang='lat' dir='ltr'><strong>quam</strong></span> <span class='ocrx_word' id='word_1_111' title='bbox 351 1702 598 1765; x_wconf 85' lang='lat' dir='ltr'><strong>mediterraneam</strong></span> <span class='ocrx_word' id='word_1_112' title='bbox 623 1702 748 1764; x_wconf 78' lang='lat' dir='ltr'><strong>Sisenna</strong></span> <span class='ocrx_word' id='word_1_113' title='bbox 771 1702 832 1764; x_wconf 87' lang='lat' dir='ltr'><strong>dici</strong></span> <span class='ocrx_word' id='word_1_114' title='bbox 853 1709 947 1782; x_wconf 87' lang='lat' dir='ltr'><strong>putet.</strong></span> 
     </span>
    </p>

    <p class='ocr_par' dir='ltr' id='par_1_8' title="bbox 110 1786 1164 2031">
     <span class='ocr_line' id='line_1_17' title="bbox 199 1786 1164 1873; baseline 0 -21"><span class='ocrx_word' id='word_1_115' title='bbox 199 1786 234 1854; x_wconf 83' lang='lat'><strong>4.</strong></span> <span class='ocrx_word' id='word_1_116' title='bbox 261 1794 408 1869; x_wconf 72' lang='lat' dir='ltr'><strong>Cynthius</strong></span> <span class='ocrx_word' id='word_1_117' title='bbox 431 1795 464 1853; x_wconf 79' lang='lat' dir='ltr'><strong>ia</strong></span> <span class='ocrx_word' id='word_1_118' title='bbox 493 1792 580 1867; x_wconf 68' lang='lat' dir='ltr'><strong>Vero.</strong></span> <span class='ocrx_word' id='word_1_119' title='bbox 605 1797 680 1854; x_wconf 82' lang='lat' dir='ltr'><strong>Aen.</strong></span> <span class='ocrx_word' id='word_1_120' title='bbox 704 1793 726 1852; x_wconf 89' lang='grc' dir='ltr'><em>Ι</em></span> <span class='ocrx_word' id='word_1_121' title='bbox 746 1791 814 1852; x_wconf 83' lang='grc'><strong>636</strong></span> <span class='ocrx_word' id='word_1_122' title='bbox 841 1787 904 1873; x_wconf 87' lang='lat' dir='ltr'><strong>(op.</strong></span> <span class='ocrx_word' id='word_1_123' title='bbox 932 1792 1008 1852; x_wconf 81' lang='lat' dir='ltr'><strong>Mai.</strong></span> <span class='ocrx_word' id='word_1_124' title='bbox 1034 1796 1124 1853; x_wconf 82' lang='lat' dir='ltr'><strong>class.</strong></span> <span class='ocrx_word' id='word_1_125' title='bbox 1139 1801 1164 1842; x_wconf 79' lang='lat'><strong>1⁵</strong></span> 
     </span>
     <span class='ocr_line' id='line_1_18' title="bbox 110 1873 1127 1963; baseline -0.004 -19"><span class='ocrx_word' id='word_1_126' title='bbox 110 1888 192 1944; x_wconf 75' lang='lat' dir='ltr'><strong>anet.</strong></span> <span class='ocrx_word' id='word_1_127' title='bbox 228 1873 389 1963; x_wconf 81' lang='lat' dir='ltr'><strong>V11359)</strong></span> <span class='ocrx_word' id='word_1_128' title='bbox 418 1880 505 1959; x_wconf 78' lang='lat' dir='ltr'><strong>lpud</strong></span> <span class='ocrx_word' id='word_1_129' title='bbox 533 1879 707 1942; x_wconf 74' lang='lat' dir='ltr'><strong>Sallustium</strong></span> <span class='ocrx_word' id='word_1_130' title='bbox 736 1888 765 1942; x_wconf 90' lang='lat' dir='ltr'><strong>et</strong></span> <span class='ocrx_word' id='word_1_131' title='bbox 789 1879 946 1942; x_wconf 78' lang='lat' dir='ltr'><strong>Sisennam</strong></span> <span class='ocrx_word' id='word_1_132' title='bbox 974 1881 1127 1941; x_wconf 87' lang='lat' dir='ltr'><strong>inuenitur</strong></span> 
     </span>
     <span class='ocr_line' id='line_1_19' title="bbox 112 1970 348 2031; baseline 0 -1"><span class='ocrx_word' id='word_1_133' title='bbox 112 1971 160 2031; x_wconf 92' lang='lat' dir='ltr'><strong>die</strong></span> <span class='ocrx_word' id='word_1_134' title='bbox 183 1972 214 2030; x_wconf 88' lang='lat' dir='ltr'><strong>iu</strong></span> <span class='ocrx_word' id='word_1_135' title='bbox 238 1970 348 2031; x_wconf 90' lang='lat' dir='ltr'><strong>datiuo.</strong></span> 
     </span>
    </p>
   </div>
   <div class='ocr_carea' id='block_1_5' title="bbox 418 2174 821 2264">
    <p class='ocr_par' dir='ltr' id='par_1_9' title="bbox 418 2174 821 2264">
     <span class='ocr_line' id='line_1_20' title="bbox 418 2174 821 2264; baseline 0.005 -4"><span class='ocrx_word' id='word_1_136' title='bbox 418 2175 588 2264; x_wconf 84' lang='lat' dir='ltr'>IVNIVS</span> <span class='ocrx_word' id='word_1_137' title='bbox 621 2174 821 2263; x_wconf 75' lang='lat' dir='ltr'>OONGVS</span> 
     </span>
    </p>
   </div>
   <div class='ocr_carea' id='block_1_6' title="bbox 510 2323 734 2381">
    <p class='ocr_par' dir='ltr' id='par_1_10' title="bbox 510 2323 734 2381">
     <span class='ocr_line' id='line_1_21' title="bbox 510 2323 734 2381; baseline 0.004 -2"><span class='ocrx_word' id='word_1_138' title='bbox 510 2323 734 2381; x_wconf 80' lang='lat' dir='ltr'>TESTIMONIA</span> 
     </span>
    </p>
   </div>
   <div class='ocr_carea' id='block_1_7' title="bbox 78 2434 1171 3678">
    <p class='ocr_par' dir='ltr' id='par_1_11' title="bbox 78 2434 1171 3678">
     <span class='ocr_line' id='line_1_22' title="bbox 78 2434 1128 2516; baseline 0.001 -14"><span class='ocrx_word' id='word_1_139' title='bbox 78 2434 113 2504; x_wconf 92' lang='lat'><strong>1.</strong></span> <span class='ocrx_word' id='word_1_140' title='bbox 140 2441 200 2504; x_wconf 73' lang='lat' dir='ltr'><strong>ero.</strong></span> <span class='ocrx_word' id='word_1_141' title='bbox 213 2443 254 2502; x_wconf 86' lang='lat' dir='ltr'><strong>de</strong></span> <span class='ocrx_word' id='word_1_142' title='bbox 271 2447 349 2501; x_wconf 84' lang='lat' dir='ltr'><strong>orat.</strong></span> <span class='ocrx_word' id='word_1_143' title='bbox 365 2441 386 2502; x_wconf 94' lang='lat' dir='ltr'>I</span> <span class='ocrx_word' id='word_1_144' title='bbox 402 2439 457 2514; x_wconf 77' lang='lat'><strong>⁶0,</strong></span> <span class='ocrx_word' id='word_1_145' title='bbox 471 2439 540 2500; x_wconf 80' lang='lat'><strong>256</strong></span> <span class='ocrx_word' id='word_1_146' title='bbox 558 2441 627 2512; x_wconf 80' lang='lat' dir='ltr'><strong>(udi</strong></span> <span class='ocrx_word' id='word_1_147' title='bbox 638 2443 801 2502; x_wconf 80' lang='lat' dir='ltr'><strong>Antonium</strong></span> <span class='ocrx_word' id='word_1_148' title='bbox 814 2459 844 2501; x_wconf 86' lang='lat' dir='ltr'><strong>e.</strong></span> <span class='ocrx_word' id='word_1_149' title='bbox 859 2440 908 2502; x_wconf 80' lang='lat'><strong>91.</strong></span> <span class='ocrx_word' id='word_1_150' title='bbox 925 2439 993 2500; x_wconf 79' lang='lat'><strong>663</strong></span> <span class='ocrx_word' id='word_1_151' title='bbox 1006 2444 1128 2516; x_wconf 79' lang='lat' dir='ltr'><strong>loquea-</strong></span> 
     </span>
     <span class='ocr_line' id='line_1_23' title="bbox 113 2527 1127 2608; baseline 0.001 -18"><span class='ocrx_word' id='word_1_152' title='bbox 113 2537 173 2592; x_wconf 82' lang='lat' dir='ltr'><strong>tem</strong></span> <span class='ocrx_word' id='word_1_153' title='bbox 192 2528 286 2605; x_wconf 77' lang='lat' dir='ltr'><strong>facit)</strong></span> <span class='ocrx_word' id='word_1_154' title='bbox 309 2527 434 2608; x_wconf 83' lang='lat' dir='ltr'><strong>Reliqua</strong></span> <span class='ocrx_word' id='word_1_155' title='bbox 458 2547 532 2590; x_wconf 89' lang='lat' dir='ltr'><strong>uero</strong></span> <span class='ocrx_word' id='word_1_156' title='bbox 553 2531 672 2590; x_wconf 48' lang='lat' dir='ltr'><strong>¹otiarmsi</strong></span> <span class='ocrx_word' id='word_1_157' title='bbox 694 2529 850 2608; x_wconf 78' lang='lat' dir='ltr'><strong>adiuuent,</strong></span> <span class='ocrx_word' id='word_1_158' title='bbox 876 2528 1032 2590; x_wconf 81' lang='lat' dir='ltr'><strong>hletoriam</strong></span> <span class='ocrx_word' id='word_1_159' title='bbox 1060 2529 1127 2591; x_wconf 90' lang='lat' dir='ltr'><strong>dieo</strong></span> 
     </span>
     <span class='ocr_line' id='line_1_24' title="bbox 112 2614 1168 2698; baseline -0.004 -18"><span class='ocrx_word' id='word_1_160' title='bbox 112 2626 143 2680; x_wconf 87' lang='lat' dir='ltr'><strong>et</strong></span> <span class='ocrx_word' id='word_1_161' title='bbox 165 2616 356 2698; x_wconf 72' lang='lat' dir='ltr'><strong>prudentiam</strong></span> <span class='ocrx_word' id='word_1_162' title='bbox 378 2619 454 2680; x_wconf 85' lang='lat' dir='ltr'><strong>iuris</strong></span> <span class='ocrx_word' id='word_1_163' title='bbox 473 2617 587 2696; x_wconf 83' lang='lat' dir='ltr'><strong>publici</strong></span> <span class='ocrx_word' id='word_1_164' title='bbox 608 2625 640 2678; x_wconf 88' lang='lat' dir='ltr'><strong>et</strong></span> <span class='ocrx_word' id='word_1_165' title='bbox 658 2620 843 2698; x_wconf 80' lang='lat' dir='ltr'><strong>antiquitatis</strong></span> <span class='ocrx_word' id='word_1_166' title='bbox 862 2614 886 2697; x_wconf 90' lang='lat'><strong>†</strong></span> <span class='ocrx_word' id='word_1_167' title='bbox 904 2619 962 2679; x_wconf 85' lang='lat' dir='ltr'><strong>iter</strong></span> <span class='ocrx_word' id='word_1_168' title='bbox 981 2625 1012 2678; x_wconf 90' lang='lat' dir='ltr'><strong>et</strong></span> <span class='ocrx_word' id='word_1_169' title='bbox 1031 2635 1127 2679; x_wconf 82' lang='lat' dir='ltr'><strong>esem·</strong></span> <span class='ocrx_word' id='word_1_170' title='bbox 1142 2636 1168 2676; x_wconf 78' lang='lat' dir='ltr'><strong>so</strong></span> 
     </span>
     <span class='ocr_line' id='line_1_25' title="bbox 112 2706 1129 2788; baseline 0.001 -21"><span class='ocrx_word' id='word_1_171' title='bbox 112 2706 232 2788; x_wconf 90' lang='lat' dir='ltr'><strong>plorum</strong></span> <span class='ocrx_word' id='word_1_172' title='bbox 254 2709 380 2788; x_wconf 82' lang='lat' dir='ltr'><strong>copiam,</strong></span> <span class='ocrx_word' id='word_1_173' title='bbox 399 2707 561 2785; x_wconf 90' lang='lat' dir='ltr'><strong>siquando</strong></span> <span class='ocrx_word' id='word_1_174' title='bbox 581 2725 656 2786; x_wconf 91' lang='lat' dir='ltr'><strong>opus</strong></span> <span class='ocrx_word' id='word_1_175' title='bbox 676 2709 742 2787; x_wconf 91' lang='lat' dir='ltr'><strong>erit,</strong></span> <span class='ocrx_word' id='word_1_176' title='bbox 761 2725 778 2767; x_wconf 90' lang='lat' dir='ltr'><strong>a</strong></span> <span class='ocrx_word' id='word_1_177' title='bbox 797 2708 863 2768; x_wconf 78' lang='lat' dir='ltr'><strong>utro</strong></span> <span class='ocrx_word' id='word_1_178' title='bbox 883 2708 994 2787; x_wconf 90' lang='lat' dir='ltr'><strong>optimo</strong></span> <span class='ocrx_word' id='word_1_179' title='bbox 1014 2713 1045 2767; x_wconf 92' lang='lat' dir='ltr'><strong>et</strong></span> <span class='ocrx_word' id='word_1_180' title='bbox 1062 2708 1129 2768; x_wconf 89' lang='lat' dir='ltr'><strong>istis</strong></span> 
     </span>
     <span class='ocr_line' id='line_1_26' title="bbox 113 2793 1127 2875; baseline 0.001 -19"><span class='ocrx_word' id='word_1_181' title='bbox 113 2795 205 2856; x_wconf 91' lang='lat' dir='ltr'><strong>rebus</strong></span> <span class='ocrx_word' id='word_1_182' title='bbox 226 2797 473 2875; x_wconf 88' lang='lat' dir='ltr'><strong>iustruotissimo‚</strong></span> <span class='ocrx_word' id='word_1_183' title='bbox 497 2794 634 2856; x_wconf 73' lang='lat' dir='ltr'><strong>remillari</strong></span> <span class='ocrx_word' id='word_1_184' title='bbox 657 2813 723 2856; x_wconf 88' lang='lat' dir='ltr'><strong>meo</strong></span> <span class='ocrx_word' id='word_1_185' title='bbox 746 2795 847 2874; x_wconf 80' lang='lat' dir='ltr'><strong>Congo</strong></span> <span class='ocrx_word' id='word_1_186' title='bbox 869 2793 1039 2856; x_wconf 89' lang='lat' dir='ltr'><strong>mutuabor.</strong></span> <span class='ocrx_word' id='word_1_187' title='bbox 1067 2814 1127 2874; x_wconf 85' lang='lat' dir='ltr'><strong>pro</strong></span> 
     </span>
     <span class='ocr_line' id='line_1_27' title="bbox 115 2877 1130 2966; baseline -0.002 -20"><span class='ocrx_word' id='word_1_188' title='bbox 115 2886 221 2946; x_wconf 84' lang='lat' dir='ltr'><strong>Plane.</strong></span> <span class='ocrx_word' id='word_1_189' title='bbox 240 2885 298 2960; x_wconf 77' lang='lat'><strong>24,</strong></span> <span class='ocrx_word' id='word_1_190' title='bbox 316 2885 360 2944; x_wconf 80' lang='lat'><strong>58</strong></span> <span class='ocrx_word' id='word_1_191' title='bbox 383 2877 426 2966; x_wconf 87' lang='lat' dir='ltr'><strong>(a.</strong></span> <span class='ocrx_word' id='word_1_192' title='bbox 449 2884 503 2945; x_wconf 77' lang='lat'><strong>54.</strong></span> <span class='ocrx_word' id='word_1_193' title='bbox 530 2878 614 2966; x_wconf 82' lang='lat'><em>700)</em></span> <span class='ocrx_word' id='word_1_194' title='bbox 655 2884 689 2945; x_wconf 93' lang='lat' dir='ltr'><strong>ln</strong></span> <span class='ocrx_word' id='word_1_195' title='bbox 722 2902 795 2965; x_wconf 88' lang='lat' dir='ltr'><strong>quo,</strong></span> <span class='ocrx_word' id='word_1_196' title='bbox 823 2883 920 2966; x_wconf 83' lang='lat' dir='ltr'><strong>Cassi,</strong></span> <span class='ocrx_word' id='word_1_197' title='bbox 952 2885 978 2944; x_wconf 90' lang='lat' dir='ltr'><strong>si</strong></span> <span class='ocrx_word' id='word_1_198' title='bbox 1005 2883 1060 2944; x_wconf 85' lang='lat' dir='ltr'><strong>tlhi</strong></span> <span class='ocrx_word' id='word_1_199' title='bbox 1089 2886 1130 2945; x_wconf 91' lang='lat' dir='ltr'><strong>ita</strong></span> 
     </span>
     <span class='ocr_line' id='line_1_28' title="bbox 114 2972 1130 3054; baseline -0.001 -20"><span class='ocrx_word' id='word_1_200' title='bbox 114 2973 326 3054; x_wconf 86' lang='lat' dir='ltr'><strong>respondeam,</strong></span> <span class='ocrx_word' id='word_1_201' title='bbox 349 2974 482 3034; x_wconf 80' lang='lat' dir='ltr'><strong>nescisse</strong></span> <span class='ocrx_word' id='word_1_202' title='bbox 505 2973 536 3035; x_wconf 90' lang='lat' dir='ltr'><strong>id</strong></span> <span class='ocrx_word' id='word_1_203' title='bbox 558 2972 702 3052; x_wconf 88' lang='lat' dir='ltr'><strong>populum</strong></span> <span class='ocrx_word' id='word_1_204' title='bbox 725 2973 890 3034; x_wconf 87' lang='lat' dir='ltr'><strong>Romanum</strong></span> <span class='ocrx_word' id='word_1_205' title='bbox 918 2990 1014 3052; x_wconf 90' lang='lat' dir='ltr'><strong>neque</strong></span> <span class='ocrx_word' id='word_1_206' title='bbox 1037 2973 1130 3035; x_wconf 84' lang='lat' dir='ltr'><strong>fuisse</strong></span> 
     </span>
     <span class='ocr_line' id='line_1_29' title="bbox 115 3061 1170 3143; baseline -0.006 -19"><span class='ocrx_word' id='word_1_207' title='bbox 115 3062 219 3142; x_wconf 92' lang='lat' dir='ltr'><strong>quiid</strong></span> <span class='ocrx_word' id='word_1_208' title='bbox 244 3061 329 3123; x_wconf 88' lang='lat' dir='ltr'><strong>nobis</strong></span> <span class='ocrx_word' id='word_1_209' title='bbox 352 3070 497 3142; x_wconf 73' lang='lat' dir='ltr'><strong>demeret,</strong></span> <span class='ocrx_word' id='word_1_210' title='bbox 520 3064 698 3142; x_wconf 86' lang='lat' dir='ltr'><strong>praesertim</strong></span> <span class='ocrx_word' id='word_1_211' title='bbox 721 3071 839 3125; x_wconf 86' lang='lat' dir='ltr'><strong>mortuo</strong></span> <span class='ocrx_word' id='word_1_212' title='bbox 862 3062 976 3142; x_wconf 79' lang='lat' dir='ltr'><strong>Congo,</strong></span> <span class='ocrx_word' id='word_1_213' title='bbox 999 3078 1073 3143; x_wconf 87' lang='lat' dir='ltr'><strong>non,</strong></span> <span class='ocrx_word' id='word_1_214' title='bbox 1096 3069 1130 3123; x_wconf 89' lang='lat' dir='ltr'><strong>ut</strong></span> <span class='ocrx_word' id='word_1_215' title='bbox 1144 3075 1170 3117; x_wconf 77' lang='lat' dir='ltr'><strong>so</strong></span> 
     </span>
     <span class='ocr_line' id='line_1_30' title="bbox 114 3150 1130 3232; baseline 0 -21"><span class='ocrx_word' id='word_1_216' title='bbox 114 3153 233 3232; x_wconf 87' lang='lat' dir='ltr'><strong>opinor,</strong></span> <span class='ocrx_word' id='word_1_217' title='bbox 261 3151 422 3231; x_wconf 84' lang='lat' dir='ltr'><strong>admirere,</strong></span> <span class='ocrx_word' id='word_1_218' title='bbox 436 3169 514 3212; x_wconf 70' lang='lat' dir='ltr'><strong>‘oum</strong></span> <span class='ocrx_word' id='word_1_219' title='bbox 542 3169 597 3230; x_wconf 80' lang='lat' dir='ltr'><strong>ego</strong></span> <span class='ocrx_word' id='word_1_220' title='bbox 624 3153 688 3230; x_wconf 88' lang='lat' dir='ltr'><strong>ipse</strong></span> <span class='ocrx_word' id='word_1_221' title='bbox 720 3169 780 3214; x_wconf 91' lang='lat' dir='ltr'><strong>uon</strong></span> <span class='ocrx_word' id='word_1_222' title='bbox 803 3151 968 3214; x_wconf 79' lang='lat' dir='ltr'><strong>abhorrens</strong></span> <span class='ocrx_word' id='word_1_223' title='bbox 990 3170 1007 3212; x_wconf 84' lang='lat' dir='ltr'><strong>a</strong></span> <span class='ocrx_word' id='word_1_224' title='bbox 1031 3150 1130 3212; x_wconf 92' lang='lat' dir='ltr'><strong>studio</strong></span> 
     </span>
     <span class='ocr_line' id='line_1_31' title="bbox 114 3239 1130 3320; baseline 0 -20"><span class='ocrx_word' id='word_1_225' title='bbox 114 3241 301 3320; x_wconf 85' lang='lat' dir='ltr'><strong>antiquitatis</strong></span> <span class='ocrx_word' id='word_1_226' title='bbox 327 3258 376 3300; x_wconf 86' lang='lat' dir='ltr'><strong>me</strong></span> <span class='ocrx_word' id='word_1_227' title='bbox 402 3239 451 3302; x_wconf 89' lang='lat' dir='ltr'><strong>hie</strong></span> <span class='ocrx_word' id='word_1_228' title='bbox 479 3240 509 3301; x_wconf 92' lang='lat' dir='ltr'><strong>id</strong></span> <span class='ocrx_word' id='word_1_229' title='bbox 544 3259 579 3302; x_wconf 82' lang='lat' dir='ltr'><strong>ex</strong></span> <span class='ocrx_word' id='word_1_230' title='bbox 611 3249 642 3301; x_wconf 89' lang='lat' dir='ltr'><strong>te</strong></span> <span class='ocrx_word' id='word_1_231' title='bbox 673 3243 803 3320; x_wconf 90' lang='lat' dir='ltr'><strong>primum</strong></span> <span class='ocrx_word' id='word_1_232' title='bbox 832 3241 949 3303; x_wconf 84' lang='lat' dir='ltr'><strong>audisse</strong></span> <span class='ocrx_word' id='word_1_233' title='bbox 980 3241 1130 3302; x_wconf 85' lang='lat' dir='ltr'><strong>confitear.</strong></span> 
     </span>
     <span class='ocr_line' id='line_1_32' title="bbox 114 3323 1131 3412; baseline 0 -22"><span class='ocrx_word' id='word_1_234' title='bbox 114 3330 166 3390; x_wconf 83' lang='lat' dir='ltr'><strong>Ad</strong></span> <span class='ocrx_word' id='word_1_235' title='bbox 186 3345 274 3404; x_wconf 84' lang='lat' dir='ltr'><strong>quem</strong></span> <span class='ocrx_word' id='word_1_236' title='bbox 296 3333 394 3392; x_wconf 81' lang='lat' dir='ltr'><strong>locum</strong></span> <span class='ocrx_word' id='word_1_237' title='bbox 413 3330 645 3392; x_wconf 67' lang='lat' dir='ltr'><strong>asotorum.</strong></span> <span class='ocrx_word' id='word_1_238' title='bbox 666 3326 711 3411; x_wconf 88' lang='lat' dir='ltr'><strong>(p.</strong></span> <span class='ocrx_word' id='word_1_239' title='bbox 725 3329 794 3390; x_wconf 76' lang='lat'><strong>264</strong></span> <span class='ocrx_word' id='word_1_240' title='bbox 817 3323 864 3412; x_wconf 80' lang='lat'><strong>0.)</strong></span> <span class='ocrx_word' id='word_1_241' title='bbox 887 3331 965 3391; x_wconf 73' lang='lat' dir='ltr'><strong>hoec</strong></span> <span class='ocrx_word' id='word_1_242' title='bbox 984 3333 1131 3392; x_wconf 81' lang='lat' dir='ltr'><strong>adnotata</strong></span> 
     </span>
     <span class='ocr_line' id='line_1_33' title="bbox 113 3417 1131 3500; baseline -0.001 -20"><span class='ocrx_word' id='word_1_243' title='bbox 113 3425 200 3480; x_wconf 82' lang='lat' dir='ltr'><strong>sunt:</strong></span> <span class='ocrx_word' id='word_1_244' title='bbox 215 3463 311 3480; x_wconf 91' lang='grc'><strong>.....</strong></span> <span class='ocrx_word' id='word_1_245' title='bbox 330 3420 422 3496; x_wconf 77' lang='lat' dir='ltr'><strong>igitur</strong></span> <span class='ocrx_word' id='word_1_246' title='bbox 444 3420 476 3480; x_wconf 84' lang='lat' dir='ltr'><strong>ln</strong></span> <span class='ocrx_word' id='word_1_247' title='bbox 500 3417 634 3480; x_wconf 87' lang='lat' dir='ltr'><strong>CessIum</strong></span> <span class='ocrx_word' id='word_1_248' title='bbox 658 3419 734 3480; x_wconf 85' lang='lat' dir='ltr'><strong>laeta</strong></span> <span class='ocrx_word' id='word_1_249' title='bbox 756 3417 793 3479; x_wconf 87' lang='lat' dir='ltr'><strong>ll.</strong></span> <span class='ocrx_word' id='word_1_250' title='bbox 817 3417 934 3480; x_wconf 86' lang='lat' dir='ltr'><strong>Tullius</strong></span> <span class='ocrx_word' id='word_1_251' title='bbox 957 3424 1057 3500; x_wconf 81' lang='lat' dir='ltr'><strong>negat,</strong></span> <span class='ocrx_word' id='word_1_252' title='bbox 1080 3437 1131 3497; x_wconf 92' lang='lat' dir='ltr'><strong>po·</strong></span> 
     </span>
     <span class='ocr_line' id='line_1_34' title="bbox 114 3505 1171 3588; baseline -0.005 -21"><span class='ocrx_word' id='word_1_253' title='bbox 114 3505 234 3586; x_wconf 84' lang='lat' dir='ltr'><strong>pulum,</strong></span> <span class='ocrx_word' id='word_1_254' title='bbox 262 3506 292 3567; x_wconf 92' lang='lat' dir='ltr'><strong>id</strong></span> <span class='ocrx_word' id='word_1_255' title='bbox 320 3515 366 3568; x_wconf 88' lang='lat' dir='ltr'><strong>est</strong></span> <span class='ocrx_word' id='word_1_256' title='bbox 394 3506 503 3586; x_wconf 77' lang='lat' dir='ltr'><strong>uulgus</strong></span> <span class='ocrx_word' id='word_1_257' title='bbox 529 3510 750 3588; x_wconf 83' lang='lat' dir='ltr'><strong>imperitorum,</strong></span> <span class='ocrx_word' id='word_1_258' title='bbox 782 3507 914 3569; x_wconf 83' lang='lat' dir='ltr'><strong>iudicare</strong></span> <span class='ocrx_word' id='word_1_259' title='bbox 946 3509 1066 3585; x_wconf 81' lang='lat' dir='ltr'><strong>penItus</strong></span> <span class='ocrx_word' id='word_1_260' title='bbox 1095 3506 1131 3569; x_wconf 89' lang='lat' dir='ltr'><strong>de</strong></span> <span class='ocrx_word' id='word_1_261' title='bbox 1146 3521 1171 3562; x_wconf 86' lang='lat' dir='ltr'><strong>eo</strong></span> 
     </span>
     <span class='ocr_line' id='line_1_35' title="bbox 116 3594 1131 3678; baseline 0.002 -23"><span class='ocrx_word' id='word_1_262' title='bbox 116 3594 244 3656; x_wconf 84' lang='lat' dir='ltr'><strong>IamiIiae</strong></span> <span class='ocrx_word' id='word_1_263' title='bbox 268 3595 403 3657; x_wconf 85' lang='lat' dir='ltr'><strong>clarioris</strong></span> <span class='ocrx_word' id='word_1_264' title='bbox 426 3595 579 3659; x_wconf 82' lang='lat' dir='ltr'><strong>nobilitate</strong></span> <span class='ocrx_word' id='word_1_265' title='bbox 602 3599 748 3678; x_wconf 78' lang='lat' dir='ltr'><strong>potuisse,</strong></span> <span class='ocrx_word' id='word_1_266' title='bbox 770 3603 805 3658; x_wconf 89' lang='lat' dir='ltr'><strong>ut</strong></span> <span class='ocrx_word' id='word_1_267' title='bbox 832 3596 952 3658; x_wconf 87' lang='lat' dir='ltr'><strong>nonnisi</strong></span> <span class='ocrx_word' id='word_1_268' title='bbox 974 3598 1131 3676; x_wconf 84' lang='lat' dir='ltr'><strong>peritiores</strong></span> 
     </span>
    </p>
   </div>
   <div class='ocr_carea' id='block_1_8' title="bbox 0 0 1328 4056">
    <p class='ocr_par' dir='ltr' id='par_1_12' title="bbox 0 0 1328 4056">
     <span class='ocr_line' id='line_1_36' title="bbox 0 0 1328 4056; baseline 0 0"><span class='ocrx_word' id='word_1_269' title='bbox 0 0 1328 4056; x_wconf 95' lang='lat' dir='ltr'><strong> </strong></span> 
     </span>
    </p>
   </div>
  </div>
 </body>
</html>
