2670 4058
198 261 262 330 118
304 257 333 316 G.
353 253 533 312 SEMPRON.
554 253 754 312 snhcoflvs.
782 255 821 312 Μ.
839 257 964 314 Anum.
984 255 1117 315 SCAVRI

195 415 275 477 flhus
299 415 377 491 eius,
401 411 547 489 scriptum
570 406 705 488 reliquit,
729 404 846 468 duobus
870 406 1017 488 anguibus
1041 408 1122 470 domi
1145 423 1213 468 con·

194 503 354 585 prehensis
376 499 552 578 haruspices
576 497 775 560 conuocauit?
803 497 855 576 qni
882 515 952 557 curn
979 496 1214 577 respondissent,

196 596 223 654 si
245 608 359 653 marem
383 589 545 667 emisisset,
563 587 651 648 uxori
672 585 759 646 breui
777 593 912 674 tempore
932 602 998 646 esse
1017 585 1214 668 moriendum,

195 683 222 744 si
240 681 389 760 feminam,
403 679 470 759 ipsi,
489 678 614 756 aequius
628 691 695 736 esse
714 676 840 756 censuit,
859 693 891 736 se
910 683 1056 736 maturam
1071 681 1213 755 oppetere

194 777 322 834 mortem
351 786 439 848 qnam
466 766 498 828 P.
521 766 654 827 Africani
681 763 771 825 tiliam
798 762 1028 827 adulescentem.
1074 765 1241 827 feminams
1320 797 1322 822 r

195 862 308 940 emisit,
329 861 395 937 ipse
417 858 523 937 paucis
545 863 614 936 post
632 853 738 916 diebus
761 863 807 916 ost
830 863 976 919 mortuus.
996 881 1039 906 --
1055 854 1154 931 1129,
1171 855 1214 916 62

196 949 227 1012 G.
251 947 404 1010 Gracchus
431 947 468 1008 ad
496 945 534 1006 hi.
558 944 755 1024 Pomponium
779 946 901 1024 scripsit
926 943 1043 1006 duobus
1067 944 1214 1024 anguibus

196 1040 277 1102 domi
300 1036 514 1117 conprehensis
537 1035 713 1113 haruspices
736 1042 861 1113 epatre
885 1041 1074 1096 conuocatos.
1092 1067 1137 1096 -,-
1158 1052 1212 1113 ego

194 1135 295 1190 tamen
318 1128 425 1208 miror,
449 1126 475 1186 si
498 1125 619 1185 emissio
643 1124 769 1184 feminae
788 1125 893 1204 anguis
914 1131 1042 1185 mortem
1060 1119 1213 1185 adferebat

193 1216 239 1280 Ti.
268 1215 415 1295 Graccho,
443 1215 563 1275 emissio
591 1221 691 1274 autem
717 1213 810 1274 maris
837 1214 943 1293 anguis
971 1221 1036 1274 erat
1058 1213 1255 1275 mortiferam

195 1305 363 1386 Corneliae,
386 1323 441 1365 cnr
465 1302 588 1372 alteram
607 1311 706 1363 utram
730 1304 873 1363 emiserit.
914 1300 989 1362 nihil
1007 1303 1086 1362 enim
1107 1300 1213 1363 scribit

193 1393 385 1475 respondisse
413 1392 602 1472 haruspices,
638 1392 663 1452 si
693 1398 800 1452 neuter
830 1393 935 1470 anguis
965 1391 1092 1451 emissus
1123 1399 1212 1472 esset,
1323 1412 1324 1440 t

194 1484 266 1564 quid
290 1489 370 1544 esset
393 1481 536 1544 futurum.
570 1489 600 1542 at
622 1498 704 1541 mors
727 1481 864 1541 insecuta
887 1477 1055 1540 Gracchum
1078 1486 1132 1541 est.
1155 1472 1211 1562 (ec
1322 1477 1324 1548 i

198 1573 345 1635 Cicerone
365 1571 505 1634 Valerius
526 1572 683 1633 Maximus
702 1569 778 1631 IIII
794 1569 824 1644 6,
843 1563 886 1650 1.)
1322 1561 1324 1636 i

284 1655 318 1724 2.
343 1663 420 1723 Ptot.
440 1661 501 1723 Tib.
519 1659 686 1723 Gracch.8
704 1652 738 1720 ‘O
755 1652 784 1720 δ’
805 1652 936 1736 iosiph
953 1651 1045 1722 αὐτοῦ
1067 1655 1158 1736 Γοίιος
1177 1661 1211 1723 έν
1225 1689 1253 1732 1⁶

193 1782 251 1822 τινι
277 1759 381 1844 βιβλίῳ
409 1756 557 1841 γέγραφεν
584 1758 625 1832 είς
652 1756 828 1836 Νομαντίαν
854 1752 1058 1838 πορευόμενον
1086 1753 1137 1820 διὰ
1158 1763 1212 1840 τῆς

196 1859 364 1938 Τυρρηνίας
386 1852 438 1920 τὸν
463 1855 600 1939 Τιβέριον
622 1853 673 1916 καί
694 1847 750 1933 τὴν
769 1851 894 1934 ἐρημίαν
911 1858 963 1935 τῆς
980 1851 1077 1936 γοίρας
1095 1850 1210 1937 ὁρῶντα

133 1987 184 2036 137
194 1953 244 2018 καί
265 1948 336 2031 τοὺς
357 1958 560 2038 γεωργοῦντας
587 1946 607 2032 ἢ
634 1949 776 2031 νέμοντας
802 1949 916 2028 οἰκέτας
942 1950 1131 2031 ἐπεισάκτους
1161 1954 1212 2019 καί

131 2049 366 2138 ὃῇβαρβσίρονς
386 2048 450 2116 τότε
472 2055 590 2134 πρῶτον
612 2046 661 2112 έττί
682 2052 758 2113 νοῦν
781 2047 926 2130 βαλέσθαι
948 2045 1003 2134 τὴν
1025 2055 1140 2134 μορίων
1160 2078 1211 2116 κα.

194 2155 256 2216 κῶν
278 2148 411 2233 ἄρξασαν
433 2144 535 2224 αὐτοῖς
557 2149 714 2212 πολιτείαν.
1224 2181 1252 2221 ,0
1325 2197 1326 2210 ,

404 2476 457 2560 Μ.
491 2472 740 2562 AEMILIVS
774 2473 1004 2566 SCAVRVS

590 2623 818 2684 TESTIMONIA

160 2736 192 2807 l.
216 2744 313 2802 Natus
336 2757 365 2800 α.
383 2738 457 2800 162.
480 2737 553 2814 592,
577 2741 646 2801 115.
672 2739 738 2802 639
759 2742 1001 2816 accendentque
1020 2757 1100 2802 anno
1120 2745 1206 2819 pria·

99 2899 101 2906 ,
193 2847 265 2907 ceps
283 2834 407 2890 senatos
422 2830 521 2891 dictus
535 2837 582 2892 est
594 2837 625 2892 et
638 2826 688 2892 ‘de
705 2832 817 2891 Getieis
831 2824 979 2891 Koraais'
998 2832 1207 2906 triumphauit,

193 2937 222 2980 α.
240 2917 309 2978 112.
335 2915 401 2977 642
425 2920 456 2978 io
475 2915 616 2995 Africam
639 2923 757 2994 legatus
779 2920 900 2994 mhsus,
923 2917 1208 2983 α.111.643οανα

191 3007 297 3069 Bestia
329 3009 453 3069 consule
485 3009 682 3086 αΙαραντΙια
714 3013 908 3083 expugnatus
930 3023 1041 3086 pacem
1069 3010 1208 3070 Numidas
1322 3077 1326 3093 ,

192 3097 285 3165 dedit,
309 3114 338 3156 α.
352 3094 427 3157 169.
445 3095 513 3156 645
536 3114 653 3171 censor,
667 3095 744 3155 107.
760 3094 831 3154 647
848 3098 959 3159 iterum
978 3103 1092 3174 comui,
1115 3116 1143 3160 α.
1158 3096 1208 3160 91.
1222 3118 1248 3159 ss

194 3183 262 3246 663
286 3186 323 3246 de
345 3187 521 3262 repetundis
541 3184 665 3260 frustra
685 3192 849 3247 aecusatus
873 3180 921 3248 ‘ob
939 3190 1101 3263 legationis
1120 3187 1207 3248 Asia·

192 3275 273 3334 ticae
296 3275 445 3336 inuidiam
468 3281 498 3336 et
521 3275 672 3334 aduersus
695 3276 776 3351 leges
799 3277 963 3352 capturum
980 3269 1207 3354 pecuniarum?

195 3362 256 3423 Cic.
275 3379 335 3439 pro
359 3363 443 3424 Sext.
458 3359 513 3437 47,
528 3357 591 3421 161
613 3360 688 3423 AG.
702 3361 836 3424 Graccho
860 3382 955 3444 usque
978 3363 1015 3425 ad
1039 3362 1072 3435 Q.
1087 3362 1208 3425 Varium

192 3450 342 3512 seditiosis
366 3447 505 3512 omnibus
529 3451 648 3530 restitit,
673 3469 762 3531 quem
782 3470 944 3532 numquam
967 3452 1026 3515 ulia
1049 3455 1106 3535 uis,
1129 3451 1206 3514 uliae

191 3541 299 3622 minae,
312 3539 372 3601 ulia
390 3539 504 3600 inuidia
523 3537 669 3601 labefecit]
693 3541 766 3604 Soli.
781 3542 923 3618 Inperti.
937 3542 987 3617 15,
1001 3542 1023 3603 3
1046 3543 1083 3602 dt
1102 3548 1205 3604 contra
1220 3563 1247 3605 ao

191 3631 287 3708 pauci,
312 3628 420 3708 quibus
444 3628 556 3690 bonum
580 3637 610 3690 et
633 3647 759 3709 aequom
780 3630 893 3692 diuitiis
917 3633 1015 3694 carius
1039 3639 1112 3713 erat,
1135 3630 1205 3694 suh·
