2640 4052
186 237 230 302 28
527 235 558 302 o.
578 233 677 289 sunu
695 231 860 289 morosus

187 393 303 465 gestum
327 394 381 465 est,
406 385 458 446 sed
481 385 513 445 in
536 383 649 445 rabiem
668 391 757 463 atque
780 385 840 443 iras
863 383 1078 462 imperatorum
1101 377 1202 444 uertit.

187 493 315 555 namque
334 474 470 554 Papirius
488 473 616 536 dictator
636 492 652 534 a
670 471 796 552 pullario
816 473 946 534 monitus
966 489 1034 532 cum
1052 471 1089 532 ad
1103 474 1202 552 auspi·

187 567 267 626 cium
283 563 480 643 repetendum
494 561 615 624 Romam
635 561 887 642 proficisceretur,
905 562 1047 639 magistro
1067 562 1203 641 equitum
1306 549 1307 562 ¹

188 653 384 734 denuntiauit,
404 659 437 713 ut
457 669 523 713 sese
542 651 606 712 loco
622 657 816 713 teneret'neu
835 648 958 711 absente
977 667 1010 711 se
1028 668 1097 711 cum
1116 649 1203 712 hoste
1306 667 1307 692 r

188 759 307 803 manum
322 749 503 803 consereret,
532 739 564 810 Q.
581 739 688 801 Fabius
703 758 772 800 cum
790 748 859 819 post
877 738 1092 819 profectionem
1111 739 1231 800 dicta-⁵

119 891 123 900 ,
187 833 262 893 toris
294 849 349 912 per
383 828 586 909 exploratores
614 830 800 909 conperisset
827 827 950 908 perinde
980 829 1079 888 omnia
1108 825 1204 888 soluta
1306 869 1307 874 η

189 920 267 999 apud
290 919 393 980 hostes
417 937 496 1000 esse,
520 937 554 979 ac
578 921 604 978 si
627 935 715 978 nemo
738 917 888 980 Romanus
912 918 942 976 in
967 916 1086 977 Samnio
1115 923 1204 998 esset,

189 1027 244 1071 seu
266 1007 350 1071 ferox
374 1008 549 1069 adulescens
573 1007 747 1086 indignitate
772 1023 924 1086 accensus,
948 1005 1027 1086 quod
1051 1007 1150 1070 omnia
1172 1007 1205 1066 in
1307 1061 1308 1068 ,

189 1099 334 1160 dictatore
357 1097 534 1158 uiderentur
558 1099 689 1175 reposita
713 1113 787 1176 esse,
812 1113 865 1156 seu
884 1098 1040 1156 occasione
1059 1094 1136 1156 bene
1155 1112 1204 1173 ge·

179 1188 298 1248 ‘rendae
318 1189 363 1248 rei
381 1187 532 1266 inductus,
551 1187 684 1246 exercitu
703 1187 851 1246 instructo
870 1192 1033 1264 paratoque
1052 1184 1248 1263 prolectus1⁰

188 1277 225 1338 ad
243 1274 411 1336 Inbrinium
430 1268 487 1358 (ita
505 1282 614 1335 uocant
632 1267 745 1358 locum)
766 1276 829 1335 acie
848 1291 917 1334 cum
932 1269 1204 1336 Samnitibus'con-

188 1365 273 1427 flixit.
319 1383 354 1425 ea
376 1364 497 1425 fortuna
519 1381 636 1442 pugnae
660 1363 725 1444 luit,
749 1370 783 1424 ut
805 1362 880 1424 nibil
902 1362 1042 1449 relictum
1065 1365 1112 1443 sit,
1136 1380 1205 1442 quo,

190 1457 217 1516 si
239 1453 384 1516 adfuisset
407 1453 548 1534 dictator,
575 1470 624 1514 res
648 1451 755 1514 melius
782 1454 846 1535 geri
874 1454 1014 1532 potuerit.
1062 1467 1126 1514 non·
1144 1452 1205 1512 dux

188 1543 285 1622 militi,
308 1561 369 1604 non
393 1541 478 1603 miles
501 1541 572 1602 duci
594 1541 697 1602 deluit.
730 1559 822 1621 eques
846 1543 936 1602 etiam
958 1549 1080 1603 auctore
1097 1540 1132 1625 L.
1150 1540 1206 1602 Co·

189 1633 281 1693 minio
305 1630 426 1692 tribuno
450 1629 591 1711 militum,
615 1633 667 1710 qui
690 1630 868 1713 aliquotiens
891 1632 1005 1709 impetu
1029 1637 1115 1710 capto
1139 1641 1248 1711 per-1⁵
1308 1687 1309 1690 ,

190 1738 330 1800 rumpere
354 1738 415 1780 non
432 1726 550 1800 poterat
569 1718 701 1781 hostium
720 1737 834 1800 agmen,
853 1719 982 1780 detraxit
1001 1719 1101 1781 frenos
1121 1721 1206 1799 cquis

190 1817 279 1889 atque
303 1811 343 1869 ita
367 1810 532 1869 concitatos
555 1806 720 1869 calcaribus
743 1810 892 1888 permisit,
920 1815 954 1869 ut
982 1810 1131 1870 sustinere
1155 1826 1207 1868 eos

190 1897 270 1959 nulla
292 1899 341 1958 uis
360 1906 469 1978 posset.
497 1916 551 1977 per
571 1916 660 1978 arma,
683 1916 738 1978 per
758 1899 839 1960 uiros
858 1896 915 1958 late
940 1904 1068 1976 stragem
1088 1896 1206 1958 dedere.

189 1995 311 2048 secutus
335 1987 426 2066 pedes
448 1987 594 2066 impetum
623 1989 756 2066 equitum
785 1984 913 2047 turbatis
941 1985 1078 2047 hostibus
1105 1985 1208 2047 intulit

190 2079 282 2156 signa.
305 2077 413 2155 uiginti
427 2075 508 2136 milia
521 2075 652 2137 bostium
668 2093 753 2136 caesa
768 2093 803 2136 eo
818 2075 865 2136 die
880 2075 1048 2137 traduntur.
1068 2082 1206 2136 auctores
1221 2087 1248 2127 2⁰

189 2165 284 2226 habeo
308 2163 355 2225 bis
379 2181 448 2226 cum
471 2163 557 2225 hoste
581 2165 664 2243 signa
688 2164 802 2225 conlata
827 2164 971 2225 dictatore
1000 2163 1137 2246 absente,
1159 2163 1206 2225 bis

190 2272 255 2315 rem
269 2256 525 2332 egregiegestam.
551 2253 629 2331 apud
643 2255 869 2332 antiquissimos
878 2256 1046 2334 ¹scriptores
1060 2271 1118 2314 una
1132 2253 1207 2314 baec

190 2361 289 2422 pugna
312 2343 474 2422 inuenitur,
497 2344 529 2403 in
553 2341 731 2422 quibusdam
749 2341 905 2403 annalibus
923 2350 985 2405 tota
1003 2361 1053 2403 res
1075 2348 1208 2422 praeter·
1309 2417 1310 2422 ἵ

191 2434 281 2494 missa
308 2438 363 2492 est.
408 2429 549 2509 Magister
577 2433 725 2510 equitum,
749 2439 783 2493 ut
810 2450 846 2493 ex
874 2439 955 2493 tanta
979 2431 1081 2512 caede,
1105 2431 1207 2492 multis
1309 2433 1310 2444 ¹

169 2522 303 2602 potitus
328 2518 430 2600 spoliis
449 2527 589 2599 congesta
607 2523 638 2582 in
657 2523 808 2600 ingentem
828 2539 970 2582 aceruum
988 2519 1107 2582 hostilia
1126 2539 1207 2582 arma
1222 2531 1248 2573 2⁵

145 2622 147 2627 ’
191 2608 311 2670 subdito
334 2611 404 2687 igne
427 2611 643 2688 concremauit,
672 2627 726 2670 seu
750 2617 854 2671 uotum
877 2609 906 2670 id
931 2609 1055 2671 deorum
1078 2611 1208 2690 cuipiam

191 2698 257 2779 luit,
280 2715 334 2758 seu
357 2696 480 2758 credere
504 2696 578 2758 libet
601 2696 692 2758 Fabio
716 2701 845 2779 auctori,
868 2716 903 2758 eo
927 2698 1051 2779 lactum,
1075 2717 1113 2759 ne
1137 2717 1208 2760 suae

191 2786 302 2866 gloriae
330 2787 462 2847 lructum
490 2786 617 2848 dictator
645 2795 765 2867 caperet
792 2804 961 2868 nomenque
988 2786 1030 2848 ibi
1062 2787 1209 2849 scriberet

191 2884 242 2937 aut
266 2875 359 2956 spolia
382 2878 415 2936 in
438 2875 590 2955 triumpho
614 2875 714 2937 ferret.
738 2875 855 2937 litterae
879 2895 999 2957 quoque
1023 2875 1059 2936 de
1083 2893 1116 2937 re
1140 2894 1208 2956 pro·

191 2983 278 3044 spere
303 2971 385 3044 gesta
409 2965 444 3024 ad
469 2971 605 3025 senatum
628 2983 689 3024 non
717 2964 753 3026 ad
782 2964 957 3026 dictatorem
984 2966 1091 3026 missae
1120 2983 1206 3044 argu-
1221 2977 1248 3018 ³0

129 3122 181 3172 294
192 3061 326 3114 mentum
349 3054 433 3115 luere
457 3055 578 3113 minime
602 3071 670 3114 cum
694 3071 729 3114 eo
753 3055 1000 3141 communicantis
1023 3052 1134 3115 laudes.

99 3193 235 3327 &OM
250 3172 340 3327 Α19.
360 3179 429 3240 Ltu.
422 3179 531 3327 Χ8
476 3177 531 3254 37
541 3179 583 3238 14
598 3175 708 3326 Fabrps
702 3178 809 3327 Lambo
815 3178 952 3240 consules
963 3177 1011 3256 [L
1024 3180 1209 3240 Postumium

192 3265 1209 3460 tattttt'ttritttttttttttibitibi,

191 3461 252 3505 non
266 3440 389 3526 adiecit)
409 3444 489 3505 etad
504 3442 661 3505 Luceriam
680 3446 832 3525 utrfflque
851 3444 961 3505 multos
980 3447 1096 3506 occisos
1114 3447 1207 3526 inque
1222 3446 1250 3488 ³⁵

192 3550 225 3594 ea
248 3550 349 3611 pugna
379 3533 459 3594 louis
490 3532 616 3594 Statoris
639 3533 743 3595 aedem
765 3541 879 3614 uotam,
907 3541 940 3594 ut
963 3533 1107 3596 Romulus
1140 3540 1208 3595 ante
1264 3575 1266 3583 ι

190 3630 324 3684 uouerat.

1308 2239 1310 2282 l
