2638 4056
466 253 697 312 FRAGMENTA
714 259 829 310 as-sr.
1094 255 1157 322 tet

143 403 268 465 Sisenna
291 403 361 465 hist.
383 401 434 465 lib.
453 403 508 466 111:
534 403 649 476 Quibus
677 406 786 465 occisis
813 406 959 466 actuarias
987 404 1023 466 ad
1052 407 1160 486 uiginti

142 492 909 660 ”¹¹¹¹riutiliiuthitsistite
923 583 1019 644 nso
1042 581 1083 644 n
1102 582 1157 644 111·

140 669 299 732 Praeterea
332 670 495 751 catapultas
527 671 670 752 sedecim,
703 677 845 752 quattuor
875 671 1019 752 ballistas,
1050 674 1159 753 uiginti

140 759 276 841 plaustro
297 761 423 840 scorpiis
445 779 480 822 ac
504 760 670 822 minorihus
694 761 810 841 sagittis
833 769 948 823 onusta.
1171 774 1185 816 ⁵

230 843 288 912 41.
313 851 388 912 Non.
411 868 435 910 s.
458 869 487 912 u.
510 853 632 927 scorpio
651 869 683 927 p.
702 851 769 910 553
795 849 920 912 Sisenna
942 851 1011 911 hist.
1034 850 1084 912 lib.
1103 850 1158 914 lll:

140 934 272 1017 Longius
295 940 430 1018 scorpios
453 938 601 1018 catapulta
625 942 768 1000 concitos.

230 1021 293 1088 le.
314 1030 389 1089 Non.
404 1032 547 1090 amenus
558 1045 618 1105 pro
632 1031 690 1090 ahl.
702 1047 732 1106 p.
743 1027 812 1088 502
826 1027 951 1089 Sisenna
965 1028 1157 1091 historiarum

140 1114 191 1176 lib.
206 1113 263 1178 lli:
283 1115 390 1178 (lunia
413 1135 488 1197 quae
513 1117 642 1178 diximus
664 1116 729 1178 loca
752 1118 852 1178 statim
875 1119 997 1196 potitus.

230 1199 290 1268 42⁰».
314 1207 389 1268 hhn.
404 1223 427 1266 s.
442 1225 471 1267 n.
487 1210 519 1267 in
529 1210 674 1284 populum
683 1225 715 1283 p.
730 1207 797 1267 130
820 1205 945 1266 Sisenna
962 1206 1155 1268 historiarum
1171 1229 1198 1270 ιο

139 1291 216 1354 libro
231 1293 284 1355 lll:
300 1294 460 1356 Scruulum
478 1297 544 1356 eius
563 1297 694 1374 praemio
714 1294 860 1357 libertatis
880 1295 1035 1356 inductum
1050 1312 1156 1376 magno

140 1399 209 1444 cum
232 1383 362 1446 tumultu
381 1391 563 1446 conuentum
587 1386 618 1445 in
641 1383 785 1463 populum
808 1384 950 1464 produxit
972 1391 1127 1445 armatum.

228 1467 287 1535 ll.
311 1475 386 1535 Non.
401 1492 424 1534 s.
439 1492 468 1534 u.
484 1477 617 1551 cauatp.
631 1474 696 1534 258
719 1473 844 1536 Sisenna
867 1473 1062 1535 historiarum
1079 1472 1156 1535 lihro

137 1559 192 1622 tlt:
220 1560 345 1623 Ltrcium
369 1562 554 1644 Memmium,
582 1580 719 1624 socerum
744 1562 798 1624 Gai
821 1562 972 1644 Scriboni,
1001 1563 1154 1624 tribunum

137 1649 248 1730 plelrin
276 1669 366 1730 quem
389 1649 481 1714 llarci
504 1651 573 1712 Liui
601 1652 802 1713 consiliarium
830 1652 924 1713 luisse
952 1650 1098 1714 callebant
1125 1660 1155 1713 et
1170 1675 1195 1716 n

137 1746 210 1800 tunc
234 1738 373 1800 Curionis
395 1748 551 1802 oratorem.

226 1822 286 1891 le.
310 1831 385 1890 Non.
405 1849 427 1891 s
447 1849 476 1890 tc
492 1833 654 1906 proprium
668 1849 700 1907 p.
718 1830 785 1892 361
813 1830 938 1892 Sisenna
961 1830 1154 1892 historiarum

136 1916 186 1978 lib.
206 1916 260 1980 lll:
289 1916 366 1979 'lum
394 1916 495 1980 subito
522 1920 616 1982 tacuit
643 1927 732 1998 atque
760 1920 791 1979 in
818 1927 901 1980 metu
924 1927 955 1979 et
983 1921 1154 1998 suspicione

135 2008 287 2086 propriam
310 2025 419 2087 capere
441 2025 501 2068 non
524 2015 664 2086 potuerat
687 2009 826 2087 quietem.

226 2089 286 2158 lo
310 2097 385 2158 Non.
399 2115 422 2158 s.
437 2115 467 2158 u.
486 2099 671 2173 insulsitate
683 2115 714 2173 p.
729 2097 795 2156 126
818 2096 942 2158 Sisenna
961 2096 1154 2159 historiarum
1169 2119 1196 2160 ro

136 2182 214 2245 libro
237 2184 291 2246 lll:
314 2185 425 2247 Bassus
448 2185 622 2246 assiduitate
646 2185 821 2265 indulgitate
846 2188 954 2248 uictus.

224 2261 284 2336 lt.
309 2275 384 2336 Non.
407 2293 430 2336 s.
452 2294 482 2336 ar.
506 2277 635 2336 ciccum
656 2293 688 2351 p.
709 2275 771 2336 188
804 2275 929 2336 Sisenna
961 2275 1154 2336 historiarum

134 2361 211 2423 libro
230 2360 284 2424 lll:
307 2362 382 2424 Cum
399 2364 570 2444 complures
587 2381 706 2424 menses
725 2362 817 2424 barba
835 2366 967 2425 immissa
985 2373 1016 2426 et
1034 2366 1154 2424 intonso

135 2449 254 2533 capillo,
282 2450 403 2532 higuhri
425 2455 552 2533 uestitu,
580 2451 724 2532 papulum
751 2455 872 2514 uicatim
900 2453 976 2514 llens
1003 2470 1154 2515 unacum

135 2539 239 2601 liberis
252 2542 445 2712 >ciromines
470 2537 528 2624 (ε
543 2544 616 2604 Nos.
633 2559 664 2619 p.
679 2541 747 2602 136
763 2560 785 2603 s.
800 2560 829 2603 o.
845 2545 1014 2603 inmissum:
1028 2541 1153 2628 Crun—
1169 2563 1195 2606 es

135 2628 251 2707 capillo.

224 2721 283 2789 48.
303 2729 378 2790 Non.
392 2747 415 2790 s.
430 2748 459 2791 u.
475 2733 587 2806 uulnus
598 2747 628 2807 p.
643 2729 712 2790 230
729 2728 854 2790 Sisenna
868 2728 1061 2789 historiarum
1075 2726 1153 2788 lihro

132 2814 187 2878 lll:
211 2815 388 2895 Imperitum
411 2821 542 2880 concitat
565 2817 698 2898 uulgttm.

220 2907 281 2976 le.
304 2915 379 2976 Non.
399 2934 423 2976 s
438 2933 467 2977 u.
483 2919 639 2978 claritudo
655 2933 686 2993 p.
700 2915 744 2976 82
767 2913 892 2975 Sisenna
911 2912 1054 2974 historiae
1073 2911 1150 2972 lihro

128 3000 183 3064 lll:
207 3002 294 3075 Quod
317 3003 483 3066 fortassean
507 3023 543 3066 er
570 3004 725 3066 nohntne
754 3021 807 3065 sua
835 3020 950 3065 summa
974 3019 1042 3063 curu
1066 2999 1151 3062 olari-
1165 3025 1192 3066 eo

127 3091 235 3154 tudine
258 3092 398 3154 celeriter
422 3093 610 3155 coniecisset.

218 3183 282 3251 50.
303 3191 379 3251 hon.
393 3208 416 3251 s.
431 3209 462 3251 u.
477 3194 674 3268 inpotentiam
689 3210 720 3268 p.
735 3191 804 3251 527
828 3190 953 3252 Sisenna
975 3189 1080 3250 histor.
1100 3186 1151 3248 lib.
1235 3187 1241 3199 “

124 3275 181 3338 lll:
207 3277 349 3340 sublatus
363 3277 477 3340 laetitia
490 3280 582 3340 nimia
597 3287 686 3360 atque
701 3282 867 3360 inpotentia
881 3287 1040 3342 conmotus
1052 3277 1152 3338 animi.

497 3432 552 3488 EX
576 3431 707 3490 LIBRO
731 3434 785 3488 1111

214 3538 273 3608 hl.
293 3547 369 3608 Non.
382 3563 406 3606 s.
420 3563 450 3606 u.
461 3548 604 3622 protinus
615 3564 645 3624 p.
659 3546 731 3607 376
743 3545 825 3607 ldem
841 3545 999 3626 [Sicano]
1013 3541 1126 3607 lihllll
1135 3556 1148 3598 ··

121 3631 227 3696 Castra
251 3632 288 3695 de
310 3633 434 3713 planitie
457 3636 608 3696 conuertit
629 3637 662 3696 in
685 3643 814 3717 montes,
842 3644 876 3698 ut
898 3632 922 3716 †
945 3634 1052 3697 crebro
1083 3633 1144 3698 len·
1162 3647 1190 3690 cs
