2638 4056
221 245 270 299 DE
290 243 412 300 GENTE
431 243 461 299 P.
473 243 506 302 R.
525 243 788 301 TESTIMONIVM.
813 243 950 300 FRAGM.
962 250 1039 300 l-d.
1072 243 1138 308 229

121 413 185 470 nos,
197 394 276 474 quod
290 393 401 454 dicitur
414 387 577 474 ἱστορικόν,
592 394 661 472 quia
675 410 725 454 res
738 395 770 453 in
785 411 819 454 eo
834 400 935 473 gestae
950 395 1031 454 ueris
1048 393 1139 456 histo·

121 486 176 544 riis
200 485 399 544 eontinentur.
422 483 553 562 primum
571 484 650 544 enim
669 488 796 564 tempus,
816 485 880 543 siue
899 482 1003 546 habuit
1021 485 1141 545 initium

122 591 176 635 seu
199 590 318 651 semper
340 572 405 653 luit,
429 578 511 632 certe
535 579 607 651 quot
630 588 774 633 annorum
799 573 846 651 sit,
870 590 929 633 non
947 579 1048 652 potest
1070 590 1140 634 con-

121 661 275 742 prehendi
305 659 471 722 secundum
494 678 554 722 non
577 659 664 739 plane
688 660 808 740 quidem
833 663 941 742 scitur,
965 661 1017 723 sed
1040 669 1139 722 tamen

122 751 159 812 ad
181 749 262 811 mille
281 751 402 811 circiter
421 757 451 812 ct
470 757 622 810 sescentos
640 765 734 810 annos
753 767 819 811 csse
838 749 980 811 creditur.
1004 768 1020 811 a
1039 752 1167 829 priore⁵

122 839 236 902 scilicet
268 837 459 921 cataclysmo,
496 856 586 919 quem
618 837 722 900 dicunt
754 848 785 900 et
816 837 934 921 Ogygii,
966 839 1002 901 ad
1039 839 1142 900 Inachi

121 947 248 1010 regnum
280 930 349 989 anni
376 935 448 990 suot
474 929 596 990 circiter
623 927 859 1007 quadringenti.
880 975 886 989 .
907 973 938 990 ..
958 973 979 1010 .,
1006 927 1076 990 hinc
1105 928 1140 989 ad

122 1017 318 1099 olympiadem
341 1019 467 1097 primam
490 1016 579 1097 paulo
602 1016 670 1096 plus
693 1017 911 1097 quadringenti.
950 1034 1025 1096 quos
1054 1017 1141 1099 solos,

123 1109 260 1188 quamuis
273 1107 398 1188 mythici
415 1109 561 1187 temporis
579 1114 756 1188 postremos,
771 1113 870 1168 tamen
885 1107 955 1186 quia
969 1124 986 1166 a
999 1107 1141 1166 memoria

124 1199 304 1276 scriptorum
322 1198 474 1275 proximos
494 1194 613 1275 quidam
633 1198 746 1257 certius
766 1195 891 1256 delinire
910 1194 1079 1256 uoluerunt.
1112 1201 1182 1254 et10

124 1285 243 1366 quidem
253 1284 388 1347 Sosibius
398 1287 519 1364 scripsit
530 1283 1034 1366 essececcxxxxv,Eratosthenes
1043 1290 1143 1344 autem

124 1383 240 1454 septem
258 1383 290 1435 et
307 1372 550 1454 quadringentos,
568 1372 708 1435 Timaeus
728 1386 900 1455 ccccxvn,
919 1374 1025 1434 Aretes
1043 1386 1142 1452 Dxnl,

124 1471 155 1524 et
177 1472 333 1542 praeterea
359 1462 447 1526 multi
469 1462 603 1544 diceres,
630 1481 759 1542 quorum
787 1464 877 1523 etiam
903 1464 969 1541 ipsa
996 1461 1142 1523 dissensio

124 1555 274 1616 incertum
296 1569 362 1614 esse
385 1551 523 1614 declarat.
552 1552 589 1613 de
613 1553 703 1613 tertio
722 1559 820 1612 autem
845 1558 980 1630 tempore
1003 1551 1060 1612 luit
1079 1551 1143 1629 qui·

124 1642 192 1703 dem
215 1641 314 1722 aliqua
336 1643 416 1702 inter
438 1649 576 1704 auctores
599 1641 747 1702 dissensio
770 1642 802 1702 in
826 1659 878 1702 sex
902 1647 1056 1720 septemue
1080 1647 1183 1700 tan-1⁵

125 1731 277 1792 tummodo
292 1731 377 1792 annis
392 1737 524 1792 uersata:
539 1730 592 1790 sed
605 1729 663 1791 hoc
678 1730 887 1810 quodcumque
902 1728 1036 1808 caliginis
1051 1727 1143 1789 Varro

125 1820 267 1881 discussit
295 1828 326 1879 et
352 1836 407 1896 pro
436 1825 536 1879 cetera
563 1837 617 1879 sua
650 1821 809 1896 sagacitate
842 1837 922 1879 nunc
955 1818 1144 1880 diuersarum

126 1909 293 1969 ciuitatium
309 1906 466 1967 conferens
479 1913 623 1986 tempora,
632 1924 713 1967 nunc
728 1906 863 1967 delectus
878 1924 1042 1987 eorumque
1052 1908 1144 1968 inter·

126 1994 204 2059 ualla
231 2002 312 2057 retro
341 1994 534 2056 dinumerans
565 1997 644 2057 eruit
676 2013 784 2057 uerum
815 1995 972 2075 lucemque
1005 1994 1144 2075 ostendit,

125 2103 180 2164 per
194 2103 283 2164 quam
297 2101 441 2145 numerus
460 2091 561 2144 certus
574 2102 635 2144 non
654 2101 800 2145 annorum
814 2083 902 2144 modo
918 2083 969 2144 sed
985 2091 1015 2144 et
1028 2081 1144 2145 dierum
1158 2095 1184 2135 20

125 2175 258 2256 perspici
279 2175 383 2253 possit.

214 2275 250 2342 4.
269 2281 396 2356 August.
411 2281 450 2341 de
463 2282 523 2340 cic.
539 2280 567 2339 d.
582 2279 687 2339 XXII
700 2277 743 2340 28
765 2277 931 2340 Mirabilius
946 2286 1046 2341 autem
1061 2277 1145 2358 quid-

126 2371 194 2432 dam
222 2368 341 2430 Marcus
369 2367 461 2429 Varro
490 2369 574 2446 ponit
600 2369 632 2428 in
659 2365 757 2446 libris,
790 2385 865 2446 quos
898 2369 1077 2447 conscripsit
1108 2367 1145 2427 de

126 2466 214 2539 gente
241 2457 346 2538 populi
371 2457 509 2536 Romani,
537 2457 623 2517 cuius
650 2458 755 2535 putaui
782 2456 875 2518 uerba
902 2458 966 2536 ipsa
993 2455 1144 2537 ponenda:

127 2547 313 2608 Genethliaci
330 2546 451 2626 quidam
470 2546 665 2625 scripserunt,
684 2547 791 2626 inquit,
809 2563 875 2606 esse
898 2547 929 2606 in
952 2545 1144 2607 renascendis
1158 2555 1184 2596 2⁵

126 2634 314 2716 hominibus,
350 2652 439 2714 mam
482 2631 632 2714 appellant
672 2635 896 2716 παλιγγενεσίαν
932 2633 1053 2715 Graeci3
1089 2633 1144 2694 hac

127 2727 314 2804 scripserunt
337 2723 445 2784 confici
467 2724 499 2784 in
522 2725 608 2782 annis
630 2740 756 2785 numero
775 2722 1001 2802 quadringentis
1020 2720 1144 2802 quadra·

127 2817 216 2895 ginta,
239 2821 276 2891 ut
296 2811 375 2874 idem
399 2829 510 2890 eorpus
533 2817 564 2872 et
586 2811 690 2872 eadem
713 2813 818 2891 anima,
842 2829 917 2890 quae
941 2810 1053 2871 luerint
1076 2828 1145 2870 con·

126 2905 228 2964 iuncta
250 2903 282 2964 in
300 2901 420 2962 homine
440 2899 608 2982 aliquando,
631 2895 734 2961 eadem
753 2917 859 2961 rursus
878 2898 1002 2961 redeant
1024 2901 1056 2961 in
1076 2916 1145 2960 con·

127 2993 317 3052 iunctionem.
1159 2997 1186 3040 eo

198 3089 199 3092 '
218 3092 252 3160 ὅ.
275 3097 402 3173 Aecus.
418 3099 447 3158 d.
462 3098 521 3158 cic.
537 3097 564 3156 d.
575 3094 696 3155 XVIII
705 3095 725 3156 8
744 3094 929 3173 Quamquam
944 3093 1063 3174 Ogygus
1080 3095 1145 3172 ipse

127 3185 246 3267 quando
269 3186 373 3267 luerit,
396 3187 483 3247 cuius
505 3182 692 3262 temporibus
715 3186 804 3246 ctiam
832 3183 976 3246 diluuium
1006 3201 1146 3263 magnum

128 3276 318 3356 factumest,
340 3292 401 3336 non
425 3271 498 3334 illud
520 3274 697 3352 maximum,
716 3290 775 3352 quo
794 3272 868 3334 nulli
885 3272 1022 3334 homines
1043 3290 1144 3334 euase-

128 3373 213 3446 runt,
235 3366 295 3425 nisi
318 3364 424 3444 quiin
448 3377 516 3423 arou
540 3377 605 3422 esse
628 3368 805 3442 potuerunt,
828 3362 908 3441 quod
931 3363 1065 3442 gentium
1089 3378 1144 3421 nec

129 3454 240 3516 Graeca
249 3471 304 3514 nec
314 3452 515 3514 Latinanouit
524 3449 718 3530 historio,sed
728 3458 827 3511 tamen
838 3452 933 3511 maius
944 3469 1031 3530 quam
1042 3457 1144 3529 postea
1159 3459 1185 3500 3⁵

128 3551 263 3624 tempore
277 3541 466 3603 Deucalionis
479 3540 545 3620 fuit,
560 3541 639 3599 inter
659 3540 822 3618 scriptores
839 3538 981 3601 historiae
996 3557 1056 3600 non
1076 3556 1143 3599 con-

128 3635 221 3694 uenit.
235 3630 310 3692 Nam
320 3629 412 3692 Varro
426 3629 496 3691 inde
516 3645 640 3690 exorsus
659 3635 705 3688 est
723 3626 846 3708 librum,
862 3630 947 3690 cuius
961 3629 1143 3690 mentionem
