2640 4052
412 255 637 312 nnucmnnnn
656 263 770 314 ac-cs.
1057 259 1102 326 49

85 408 194 487 iuquit,
216 405 333 488 habuit,
357 407 436 486 quod
461 425 525 467 eam
549 408 581 467 in
603 407 721 469 occulto
747 409 918 496 uitlauerat,
942 411 1014 489 quin
1038 411 1103 470 eius

85 496 193 557 lamam
216 497 421 575 prostitueret.
454 494 507 572 (cs.
528 497 594 557 Liu.
621 495 713 573 Vas,
731 498 760 558 3.
785 497 909 575 Dionys.
934 498 1024 559 XIII
1037 498 1103 572 14.)

177 589 282 657 37**.
319 596 397 656 Plio.
421 613 449 656 rt.
473 596 501 655 It.
526 594 584 654 III
602 594 666 655 131
711 593 872 673 Lepontios
909 603 939 656 et
971 595 1103 656 Salassos

85 681 247 745 Tauriscae
271 685 368 763 gentis
391 683 471 744 idern
494 681 565 743 Cato
588 682 760 745 arbitratur.

177 776 263 845 38²².
288 783 376 843 Seru.
397 799 502 858 georg.
523 778 640 842 11159
675 781 782 843 Larius
805 782 888 844 lacus
916 791 961 844 est
984 785 1132 846 uicinuss

86 870 225 953 Alpibus,
253 873 305 951 qul
332 873 413 932 turta
443 870 584 932 Catonem
612 873 642 931 in
671 870 837 950 originibus
867 891 921 952 per
951 875 1104 951 sexaginta

85 959 221 1021 tenditur
244 959 332 1020 milia.

177 1052 283 1120 39**.
314 1059 414 1120 Varro
438 1059 476 1118 de
499 1077 524 1118 r.
548 1064 623 1118 rost.
648 1058 687 1118 II
706 1058 737 1134 1,
760 1059 799 1118 11
835 1057 877 1118 De
901 1058 1104 1137 magnitudine

87 1145 267 1228 Gallicarum
286 1147 485 1208 succidiarum
505 1145 577 1207 Cato
598 1145 703 1207 scribit
721 1147 769 1208 bis
788 1149 903 1208 uerbis:
927 1147 959 1208 In
979 1147 1062 1208 ltalia
1080 1143 1104 1227 †

86 1237 117 1296 in
137 1233 259 1296 scrobes
278 1244 364 1297 terna
382 1245 471 1316 atque
491 1244 634 1315 quaterna
653 1233 771 1317 milia†
790 1236 868 1298 aulia
887 1237 1101 1298 succidiauere.
1116 1260 1142 1300 ιο

87 1342 138 1386 sus
158 1342 254 1404 nsque
274 1325 347 1386 adeo
365 1325 572 1404 pinguitudine
592 1342 728 1386 crescere
748 1326 832 1407 solet,
846 1332 880 1386 nt
895 1343 927 1386 se
940 1328 1005 1406 ipsa
1019 1333 1102 1386 stans

87 1415 238 1474 sustinere
261 1431 321 1474 non
344 1416 439 1493 possit
462 1431 560 1493 neque
582 1414 724 1494 progredi
747 1433 881 1494 usquam.
918 1416 1018 1496 itaque
1043 1433 1101 1495 eas,

87 1505 113 1564 si
136 1505 205 1583 quis
228 1521 288 1583 quo
310 1506 437 1564 traicere
461 1500 533 1583 uolt,
556 1504 586 1563 in
610 1503 758 1581 plostrum
781 1505 915 1583 Mponit.

177 1594 283 1662 40**.
308 1601 385 1662 Ptin.
408 1619 437 1661 rt.
460 1602 488 1661 It.
514 1601 571 1662 III
588 1601 653 1661 124
687 1600 837 1663 Vercellae
860 1601 1043 1665 Libiciorum
1067 1620 1102 1662 ex

88 1688 197 1751 Salluis
217 1698 307 1771 ortae,
326 1688 454 1750 Nouaria
474 1708 509 1750 ex
528 1688 754 1772 Vertamocoris,
773 1690 984 1753 Vocontiorum
1003 1693 1104 1754 hodie·
1119 1713 1146 1754 re

87 1797 146 1860 que
165 1797 250 1861 pago,
269 1797 338 1860 non,
357 1785 391 1839 ut
410 1776 482 1839 Ceto
501 1781 669 1860 existumat,
687 1778 840 1859 Ligurum.
855 1814 892 1823 -
908 1780 1105 1843 Orumbouio-

87 1886 155 1929 rum
180 1869 283 1949 stirpis
303 1885 368 1928 esse
388 1866 513 1928 Comum
531 1876 621 1948 atque
640 1867 819 1947 bergomum
839 1878 868 1930 et
886 1869 983 1932 Licini
1007 1871 1105 1933 forum

87 1957 202 2037 aliquot
225 1959 305 2018 circa
328 1955 454 2037 populos
474 1965 578 2018 auctor
597 1964 643 2018 est
662 1956 742 2039 Cato,
767 1957 818 2018 sed
838 1960 984 2038 originem
1008 1963 1105 2039 gentis

87 2049 226 2126 ignorare
251 2065 284 2107 se
306 2047 424 2107 latetur.
439 2079 483 2090 -
496 2045 529 2106 ln
548 2045 605 2107 boo
625 2047 685 2106 situ
703 2048 818 2108 interiit
836 2047 979 2126 oppidum
999 2048 1105 2110 Orum-

87 2135 249 2197 bouiornm
266 2134 367 2216 Parra,
389 2133 469 2196 unde
488 2134 681 2214 Bergomates
700 2134 770 2196 Cato
795 2136 869 2197 dixit
891 2144 983 2219 ortos,
1003 2139 1104 2199 etiam·
1118 2157 1146 2198 ro

88 2242 162 2286 num
186 2224 332 2304 prodente
355 2241 388 2284 se
411 2223 499 2285 altius
523 2242 612 2303 quam
636 2226 816 2286 fortunatius
840 2227 938 2288 situm.

178 2307 284 2376 41**.
304 2315 382 2375 Ptin.
397 2333 425 2374 n.
441 2316 469 2373 lt.
480 2314 537 2373 III
547 2314 609 2374 133
628 2313 720 2374 Verso
734 2313 841 2374 deinde
855 2313 968 2377 ltaliam
983 2324 1105 2394 pectore

87 2401 210 2483 Alpium
222 2402 321 2464 Latini
335 2403 409 2462 iuris
419 2399 575 2480 Euganeae
590 2410 702 2483 gentes,
717 2421 844 2482 quarum
858 2404 966 2485 oppida
976 2420 1105 2468 xxnmn

89 2501 247 2553 enumerat
270 2490 350 2552 Cato.

180 2573 286 2642 42**.
306 2581 382 2642 Ptin.
397 2599 426 2642 o.
441 2581 469 2640 It.
480 2579 538 2640 III
547 2580 613 2641 130
630 2578 758 2642 Venetos
773 2580 899 2642 Troiana
914 2584 1008 2663 stirpe
1022 2592 1105 2645 ortos
1118 2601 1146 2644 aa

89 2677 197 2732 auctor
224 2677 271 2730 est
294 2668 378 2749 Cato,
402 2668 586 2730 Cenomanos
613 2670 695 2731 iuxta
718 2668 877 2732 Massiliam
900 2671 1049 2733 habitasse
1073 2675 1105 2734 iu

88 2756 198 2820 Volcis.
529 2752 532 2757 ’

180 2841 266 2910 43*.
293 2848 392 2910 Varro
407 2849 484 2910 der.
499 2854 573 2908 rust.
593 2847 653 2923 12,
671 2848 692 2907 7
710 2847 755 2910 dn
775 2866 834 2908 nou
853 2847 890 2911 M.
910 2847 980 2910 Cato
1000 2848 1106 2910 scribit

89 2938 122 2997 in
141 2936 218 2997 libro
238 2938 385 3016 originum
405 2933 470 2998 sio?
493 2935 572 3016 Ager
591 2935 719 2998 Gallicus
733 2936 884 2998 Romanus
902 2945 1037 3019 uocatur,
1054 2940 1106 3019 qui

90 3027 207 3087 uiritim
230 3028 274 3088 cis
291 3026 458 3086 Ariminum
482 3025 568 3086 datus
588 3033 633 3086 est
652 3025 728 3087 ultra
748 3044 852 3106 agrum
871 3026 1046 3088 Picentium.
1075 3029 1106 3088 in
1120 3047 1148 3088 eo

91 3133 127 3176 eo
151 3132 223 3194 agro
247 3113 464 3194 aliquotfariam
492 3115 524 3174 in
552 3113 668 3192 singula
691 3118 794 3195 iugera
821 3115 897 3176 dena
925 3115 1020 3177 cullea
1042 3117 1108 3177 uini

91 3205 177 3265 fiunt.
201 3199 256 3284 (ex
277 3203 416 3265 Varrone
430 3205 546 3265 Nonius
563 3222 586 3264 s.
601 3221 630 3264 o.
646 3207 761 3266 culleus
775 3223 807 3282 p.
821 3203 888 3264 197
906 3203 998 3266 Varro
1018 3204 1053 3267 de
1073 3223 1106 3266 re

91 3295 206 3354 rustica
225 3291 275 3354 lib.
289 3293 316 3354 l:
339 3293 373 3352 lu
396 3291 512 3372 singula
535 3293 637 3371 iugera
656 3292 732 3354 dena
751 3291 845 3354 cullea
860 3295 924 3354 trini
942 3294 1026 3355 fiunt.
1053 3296 1106 3356 00·

92 3385 215 3443 lamella
234 3381 376 3465 1113,2
403 3380 440 3441 Vt
463 3383 597 3441 omittam
616 3388 749 3442 ueterem
768 3381 847 3443 illam
872 3381 1042 3444 felicitatem
1061 3401 1106 3443 ar-

92 3487 212 3552 uorum,
231 3471 340 3551 quibus
360 3478 390 3531 et
408 3477 475 3531 ante
495 3472 553 3532 iam
567 3468 604 3530 M.
620 3469 690 3532 Cato
710 3479 740 3532 et
758 3489 827 3531 mox
841 3470 999 3532 Terentius
1013 3470 1106 3533 Varro
1120 3489 1152 3534 oc

93 3559 235 3640 prodidit,
254 3559 369 3639 singula
387 3561 490 3638 iugera
509 3559 664 3620 uinearum
679 3552 827 3621 sexcenas'
839 3577 931 3622 urnas
944 3562 1008 3621 uini
1024 3577 1107 3639 prae-

95 3648 198 3710 buisse
213 3683 256 3692 -—
270 3651 302 3710 in
317 3647 437 3727 Gallico,
456 3649 508 3728 qui
523 3664 603 3708 nunc
622 3646 731 3710 Piceno
745 3647 955 3711 contribuitur.
975 3650 1031 3709 III
1043 3647 1072 3728 9,
1085 3648 1108 3708 3

148 3759 236 3810 hm,
249 3759 311 3800 nint.
325 3760 390 3800 Rom.
404 3760 486 3809 fragm.
931 3753 949 3801 4
