2640 4052
456 240 557 299 TEST.
593 242 730 300 FRAGM.
751 252 829 302 1-3.
1106 251 1149 317 35

133 380 212 467 ιἰνηρ
238 385 389 468 έπιφονης
417 387 590 466 σπουδάσας
617 388 706 469 αὐτὸς
736 393 788 457 καλ
819 395 940 477 δεηθελς
970 392 1148 481 ἡρμήνευσε,

132 479 224 558 Γάιος
239 479 375 564 Ἀκίλιος,
393 485 468 568 ἔγνον
487 487 592 567 [Cato]
607 483 668 569 μετ’
688 488 863 575 εὐπρεπείας
881 489 1146 580 ιἰποδιοπομπήσα-

132 587 206 645 σθαι
227 578 298 658 τοὺς
320 581 508 664 φιλοσόφους
529 583 662 664 ἅπαντας
684 589 716 651 ἐκ
737 595 790 672 τῆς
811 586 933 667 πόλεως.

94 672 130 742 2.
154 682 386 759 Liu.per.LIIl
400 683 432 744 C.
442 684 682 748 Aciliussenator
692 687 804 751 Graece
814 708 864 751 res
874 689 1021 756 Romanas
1031 696 1145 759 scribit.

132 766 175 846 [α.
190 769 262 846 sere
279 771 351 833 142.
373 773 458 852 612]
496 773 540 850 [ν.
559 776 589 836 3.
608 776 638 836 4.
657 778 687 839 5.
1158 797 1172 840 ι

413 945 643 1002 FRAGMENTA
660 947 858 1006 HISTORIAE

220 1049 252 1119 l.
276 1057 378 1146 δίνου.
395 1059 462 1135 Va,
477 1061 541 1138 3μ.
554 1059 623 1121 230
640 1061 707 1124 Cas.
732 1058 822 1143 Ἀλλη
841 1061 876 1127 δέ
892 1089 936 1140 τις
953 1066 1080 1150 προτέρα
1092 1069 1143 1132 καλ

128 1149 274 1235 μυθώδης
297 1150 478 1238 Ἀρκαδικὴν
512 1155 639 1239 λέγουσα
669 1158 809 1242 γενέσθαι
835 1157 891 1244 τὴν
920 1158 1061 1228 ἀποικίαν
1087 1161 1141 1228 ὑπ’

126 1246 301 1333 Εὐάνδρου.
340 1249 432 1338 τούτῳ
456 1250 485 1317 δ’
506 1255 725 1338 ἐπιξενωθῆναι
740 1254 793 1322 τὸν
812 1253 959 1344 Ἡρακλέα
981 1258 1143 1326 ἐλαύνοντα

124 1343 177 1424 τδς
198 1345 357 1433 Ιληρυόνυυ
379 1353 468 1434 βοῦς·
490 1350 667 1435 πυθόμενον
685 1353 719 1418 δέ
741 1360 792 1437 τῆς
811 1354 920 1440 μητρὸς
937 1357 1142 1444 Νικοσιρᾶτης

123 1441 176 1511 τὸν
198 1442 360 1531 Εὔανδρον
384 1443 474 1533 (εἶναι
502 1445 532 1514 δ’
557 1446 653 1534 αὐτὴν
674 1459 816 1535 μαντικῆς
839 1453 1006 1542 ἔμπειρον),
1034 1455 1079 1523 ὅτι
1100 1464 1140 1547 τῷ
1154 1484 1181 1525 ιο

119 1541 262 1629 Ἡρακλεῖ
282 1547 478 1630 πεπραμένον
504 1539 544 1630 ἦν
570 1548 714 1614 καλέσαντι
741 1547 811 1628 τοδς
839 1549 955 1630 ἄθλους
976 1560 1040 1643 θεῷ
1061 1556 1140 1639 γενέ-

123 1653 211 1727 σθαι,
234 1641 347 1728 φράσαι
367 1669 399 1710 τε
420 1643 497 1731 πρὸς
518 1642 572 1711 τὸν
589 1640 736 1730 Ἠρακλέα
755 1654 847 1714 ταῦτα
864 1652 916 1715 καὶ
932 1651 1051 1734 τέμενος
1068 1649 1139 1717 ἄνα-

123 1746 217 1820 δεῖξαι
238 1744 290 1808 καλ
310 1750 405 1809 θῦσαι
426 1747 541 1809 θυσίαν
556 1740 751 1829 Ἑλληνικήν,
769 1743 809 1829 ἣν
827 1749 878 1813 καλ
895 1756 954 1814 νῦν
971 1752 1012 1815 ἔτι
1029 1749 1139 1833 φυλᾶτ·

121 1849 225 1908 τεσθαι
241 1847 283 1932 τῷ
295 1837 443 1927 Ἠρακλεῖ.
479 1842 531 1907 καλ
548 1839 566 1907 δ’
584 1839 612 1926 y’
629 1840 777 1927 Ἀκύλιος,
797 1839 814 1910 ὁ
835 1852 895 1911 τῶν
902 1844 1057 1930 Ῥωμαίων
1070 1869 1137 1934 συμ

121 1937 268 2026 γραφεύς,
290 1947 376 2007 τοῦτο
398 1943 510 2005 τίθεται
528 1948 651 2023 σημεῖον
667 1949 720 2007 τοῦ
734 1940 911 2027 Ἑλληνικὸν
935 1941 1011 2010 εἶναι
1033 1950 1137 2030 κτίσμα
1151 1973 1178 2014 ισ

120 2037 175 2124 τὴν
183 2037 309 2122 Ῥοέμην,
318 2036 351 2106 τὸ
364 2033 435 2124 παρ’
452 2035 528 2125 αὖτῇ
540 2036 595 2121 τὴν
608 2036 733 2124 πάτριον
746 2044 860 2106 θυσίαν
869 2037 1047 2126 Ἑλληνικὴν
1060 2040 1137 2110 εἶναι

120 2143 159 2227 τῷ
168 2135 314 2221 Ἡρακλεῖ.
337 2139 387 2202 καλ
399 2135 456 2222 τὴν
469 2139 577 2221 μητέρα
592 2135 624 2202 δέ
637 2143 689 2202 τοῦ
704 2136 868 2223 Εὐάνδρου
881 2146 984 2223 τιμῶσι
989 2138 1136 2223 Ῥωμαῖοι,

120 2239 191 2320 μίαν
213 2242 271 2302 τῶν
294 2243 425 2320 νυμφῶν
450 2239 636 2321 νομίσαντες,
666 2237 833 2320 Καρμέντιυ
856 2247 1136 2323 μετονομασθεῖσαν.

211 2333 245 2401 2.
268 2339 348 2402 Ρίυί.
362 2340 448 2401 Rom.
461 2339 503 2400 21
524 2331 617 2411 Γάιος
630 2334 664 2399 δὲ
678 2331 804 2414 Ἀκίλιος
817 2339 929 2421 ἱστορεῖ
941 2336 999 2423 πρὸ
1013 2343 1064 2421 τῆς
1077 2343 1134 2403 καί·

119 2453 193 2512 σεοις
214 2431 250 2499 aa}
271 2435 426 2518 θρέμματα
448 2440 508 2499 τῶν
529 2433 598 2516 περὶ
619 2428 835 2517 τδυῬοιμδλου
854 2432 958 2518 ἆφανῆ
981 2436 1133 2521 γενέσθαι·
1148 2462 1175 2502 se

117 2530 187 2610 τοδς
210 2531 244 2596 δὲ
273 2529 356 2612 [τοὺς
378 2532 588 2616 Λουπέρκους]
613 2536 653 2618 τῷ
677 2530 789 2618 Φαύνῳ
813 2535 1069 2618 προσευξαμένους
1087 2535 1133 2600 έκ-

118 2632 242 2712 δραμείν
264 2627 398 2722 μυμνρδς
420 2631 468 2696 dd
485 2627 541 2713 τὴν
558 2627 692 2712 ζήτησιν,
709 2627 791 2706 ὅπως
808 2626 868 2696 ὑπὸ
882 2638 935 2697 τοῦ
951 2634 1074 2714 ίδρῶτος
1092 2628 1132 2715 μὴ

117 2729 296 2811 ένοχλοῖντο·
306 2727 357 2792 κοιλ
366 2725 417 2791 δεδι
426 2733 511 2792 τοῦτο
520 2724 653 2812 γυμνοὺς
661 2727 838 2810 περιτρέχειν
847 2727 918 2804 τοὺς
926 2729 1131 2812 Λουπέρκους.
1142 2785 1194 2835 „6

208 2823 242 2891 3.
270 2830 332 2890 Cic.
347 2831 385 2890 de
399 2830 450 2904 off.
465 2827 587 2905 11132,
602 2828 664 2887 113
691 2826 750 2888 Sed
765 2834 799 2888 ut
817 2827 982 2890 landandus
1000 2828 1131 2907 Regulus
1140 2856 1195 2922 ff

116 2920 149 2979 in
176 2917 384 2979 conseruando
411 2920 479 2978 inre
505 2916 644 2998 iurando,
673 2918 716 2977 sin
743 2915 848 2979 decem
875 2917 931 2997 illi,
959 2935 1034 2997 ques
1063 2925 1132 2996 posi

115 3007 303 3069 Cannensem
325 3025 456 3087 pugnam
478 3009 593 3068 iuratos
615 3006 652 3066 ad
675 3013 812 3067 senatum
831 3008 913 3067 misit
930 3005 1076 3067 Hannibal
1099 3025 1131 3067 se

115 3099 147 3157 in
171 3105 269 3158 casira
292 3096 443 3158 redituros
466 3115 509 3176 ea,
533 3113 661 3176 quornm
684 3103 770 3156 erant
787 3097 874 3174 petiti
892 3094 994 3176 Poeni,
1016 3098 1074 3157 nisi
1093 3094 1130 3156 de

114 3186 299 3248 redimendis
321 3187 449 3265 captiuis
467 3186 719 3265 impetranisseni,
737 3187 841 3247 sinon
865 3185 1028 3265 redierunt,
1052 3186 1130 3247 nitu-

115 3274 248 3354 perandi.
290 3271 332 3335 De
356 3273 465 3354 quibus
489 3292 550 3335 nnn
568 3291 672 3336 omnes
690 3292 750 3334 nnn
769 3273 871 3336 medo:
894 3292 964 3335 nam
981 3273 1130 3355 Polybius

113 3363 212 3425 bonus
235 3371 340 3425 auctor
366 3364 398 3425 in
424 3366 543 3444 primis,
571 3382 609 3424 ex
630 3363 734 3424 decem
757 3362 965 3444 nobilissimis,
989 3365 1128 3442 quitum
1141 3375 1169 3416 ιο

113 3460 200 3513 erant
223 3455 321 3534 missi,
343 3470 453 3514 nonem
476 3454 640 3514 reuertisse
667 3452 740 3538 dicii
768 3469 801 3512 re
828 3471 845 3512 a
869 3460 973 3514 senatu
996 3469 1056 3512 non
1074 3454 1128 3512 im·

111 3550 242 3622 pearata,
257 3557 351 3603 nnnm
364 3559 401 3602 ex
415 3542 528 3622 decem,
542 3544 595 3621 qni
607 3539 707 3620 paullo
721 3549 788 3620 post
807 3559 896 3620 qnam
910 3548 975 3601 erat
987 3557 1127 3620 egressus

112 3649 129 3692 e
148 3633 265 3711 eastris,
289 3629 430 3712 redisset,
454 3633 539 3711 qnasi
562 3629 673 3710 aliquid
697 3639 777 3691 esset
800 3628 924 3710 oblitus,
946 3627 1057 3690 Romae
1080 3646 1126 3690 re·

928 3726 966 3782 30
