2620 4054
217 215 476 274 FRAGM.19-2'l.
513 215 611 271 FABlI
628 215 858 272 MARCELLINI
875 215 974 273 rust.
986 223 1010 272 1.
1057 215 1123 283 339

12 447 13 452 ἵ
111 365 272 445 [Seuerus]
302 369 432 447 primum
463 368 582 429 ueniam
612 365 707 446 dedit,
736 372 839 446 postea
868 384 942 427 uero
973 384 1025 427 eos
1055 385 1124 428 curn

109 464 203 518 matre
226 457 376 536 percussit
399 463 430 517 et
451 457 483 517 in
505 455 703 534 profluentem
727 455 804 517 abici
827 457 922 516 iussit.

174 548 282 617 .24*.
310 567 359 616 nx
380 567 462 616 vrrs
486 566 612 616 ssvnnr
644 553 746 631 Spart.
769 553 838 615 Seu.
859 554 909 628 15,
935 553 957 614 6
988 553 1186 635 lienique-139

109 662 178 706 oum
201 645 294 705 occisi
316 650 417 706 essent
440 642 576 704 nonnulli
600 640 782 720 [Pescennio
803 640 915 723 nicto],
939 642 1072 706 Seuerus
1090 641 1185 705 gesen

109 733 268 795 excusabat
282 741 313 795 et
326 740 395 813 post
414 749 517 794 eorum
536 739 662 792 mortem
681 730 808 810 negabat
821 733 888 794 lieri
906 734 1030 794 iussisse
1044 732 1124 813 qnod
1138 742 1151 783 ⁵

108 823 219 884 iactum
238 829 293 904 est,
312 821 393 902 quod
412 821 448 883 de
462 821 558 882 ‘Laeto
576 823 738 900 praecipue
755 819 865 881 Marius
880 820 1025 882 Maximus
1044 822 1124 883 dicit.

105 905 163 994 (es.
178 913 266 974 Dion.
281 911 405 977 LXXV
421 912 473 986 10,
491 905 537 992 3.)
627 937 635 947 ·

198 1003 282 1071 25²⁸.
296 1023 344 1070 ux
357 1021 442 1070 vlrn
457 1021 580 1070 sevum
598 1009 694 1086 Cepit.
712 1010 792 1071 Cleri.
803 1009 884 1092 12‚5
897 1009 987 1071 Extat
997 1009 1123 1090 epistula

109 1097 228 1179 Seueri,
256 1116 332 1178 quae
359 1097 490 1159 ostendit
521 1099 652 1159 animum
677 1115 777 1180 suum,
800 1101 891 1161 missa
914 1098 951 1160 ad
979 1106 1123 1180 senatum,

108 1188 195 1248 ouius
217 1187 274 1248 boo
298 1186 465 1266 exemplum
485 1193 543 1250 est:
558 1219 609 1247 -.
633 1185 710 1248 llinc
733 1196 864 1270 apparet,
884 1195 993 1268 quanta
1013 1190 1164 1249 seueri-1⁰

107 1284 167 1339 tate
182 1277 340 1338 lectionem
355 1273 404 1336 uel
417 1275 651 1337 Pescennianam
665 1275 714 1337 uel
729 1276 899 1338 Clodianam
915 1276 1122 1339 uindicauerit.

12 1433 13 1436 Ἴ
108 1384 183 1444 quae
212 1365 332 1445 quidem
360 1361 458 1426 omnia
485 1367 516 1425 in
544 1367 607 1426 uita
634 1366 699 1427 cius
726 1368 823 1444 posita
852 1374 931 1428 sunt.
969 1385 1044 1446 quae
1072 1368 1124 1445 qui

107 1455 278 1536 diligentius
302 1455 380 1516 scirc
403 1453 490 1534 uelit,
517 1453 596 1532 leget
613 1454 740 1516 Marium
762 1453 923 1517 Maximum
947 1455 983 1516 de
1006 1455 1122 1517 Latinis

80 1543 318 1626 scriptoribus,
342 1543 378 1606 de
402 1543 525 1606 Graecis
547 1544 746 1624 scriptoribus
768 1543 984 1626 Herodianum,
1008 1547 1061 1626 qui
1085 1545 1121 1606 ad

12 1650 19 1662 “
105 1633 201 1697 fidem.
216 1633 358 1716 pleraque
382 1634 530 1694 dixerunt.
1136 1643 1162 1686 1⁵

195 1726 255 1794 26.
287 1745 336 1794 nx
359 1745 445 1794 vrrs
472 1743 713 1794 senoensem
741 1733 865 1810 Lampe.
887 1733 1003 1808 Helico.
1027 1733 1075 1808 11,
1101 1732 1123 1792 6

105 1819 220 1882 Ferunt
241 1820 328 1881 multi
351 1821 388 1880 nb
410 1823 476 1900 ipso
497 1819 722 1898 [Heliopobalo]
746 1822 877 1900 primum
900 1828 1068 1900 repertum,
1088 1829 1121 1882 ut

104 1911 136 1970 in
169 1907 387 1970 uindemiarum
419 1908 528 1970 iestiuo
560 1907 653 1970 multa
685 1911 716 1969 in
749 1909 885 1971 dominos
916 1908 1059 1971 iocularia
1091 1917 1121 1970 et

106 1995 296 2060 audientibus
320 1996 448 2059 dominis
466 1998 652 2078 dicerentur,
676 2015 752 2076 quae
775 1999 840 2076 ipse
859 2006 1071 2080 conposuerat,
1090 2007 1121 2059 et

104 2087 216 2150 Graeca
239 2089 374 2150 maxime.
406 2085 513 2148 horum
536 2084 678 2165 pleraque
697 2085 809 2148 Marius
828 2085 972 2148 Maximus
995 2087 1161 2150 dicitius

104 2181 166 2241 uita
189 2179 285 2257 ipsius
309 2175 497 2256 Heliogabali.

67 2343 69 2348 ,
195 2269 252 2338 27.
277 2289 323 2336 nx
346 2285 506 2336 rucnsms
529 2285 622 2335 vrrrs
651 2273 774 2352 Lampe.
797 2274 883 2337 Alex.
906 2273 956 2350 21,
979 2273 1001 2334 3
1032 2273 1121 2336 Prae-

78 2359 81 2370 '
104 2364 190 2425 lectis
208 2366 350 2445 praetorii
365 2365 428 2426 suis
443 2363 621 2424 senatoriam
635 2361 750 2424 addidit
765 2359 957 2440 [Alexander
971 2361 1118 2440 Seuerus]

104 2451 286 2535 dignitatem,
305 2460 340 2514 ut
358 2455 419 2515 uiri
436 2452 594 2514 clarissimi
613 2458 643 2512 et
661 2459 763 2512 essent
781 2460 811 2512 et
830 2452 1010 2513 dicerentur.
1040 2452 1119 2531 quod

104 2549 189 2601 antea
222 2540 271 2602 uel
298 2559 365 2602 raro
394 2543 491 2604 luerat
520 2540 580 2604 uel
593 2542 713 2602 omnino
736 2558 797 2602 non
820 2541 930 2621 suerat,
958 2559 993 2602 eo
1023 2558 1118 2620 usque
1133 2552 1159 2593 2⁵

104 2637 138 2690 ut
166 2632 192 2689 si
220 2632 288 2708 quis
315 2632 530 2710 imperatorum
558 2647 764 2691 successorem
795 2630 947 2709 praelecto
977 2631 1120 2710 praetorii

104 2717 174 2780 dare
198 2716 297 2799 uellet,
315 2717 493 2780 laticlaulam
512 2718 608 2781 eidem
626 2737 680 2800 per
698 2716 839 2780 libertum
858 2720 1067 2799 summitteret,
1086 2725 1120 2778 ut
1186 2771 1199 2784 .

104 2809 135 2870 in
158 2805 321 2868 multorum
344 2810 407 2868 nita
424 2806 536 2870 Marius
554 2807 700 2870 Maximus
724 2807 803 2870 dicit.
830 2804 885 2889 (cs.
903 2810 1011 2882 Comen.
1026 2809 1057 2883 4,
1075 2800 1119 2890 7.)

315 3067 506 3156 ussus
538 3068 909 3188 uanounnmrs

497 3215 723 3274 TESTIMONIA

67 3323 102 3392 l.
133 3330 247 3409 Vops'se
264 3333 352 3394 Prole.
367 3331 397 3412 2,
415 3331 435 3391 7
457 3330 496 3391 Et
513 3331 587 3391 mibi
606 3331 726 3411 quidem
744 3333 774 3393 id
798 3335 890 3394 animi
913 3333 982 3413 luit,
1006 3339 1119 3392 utnon

103 3418 267 3501 Sallustios,
280 3419 390 3501 Liuios,
405 3419 533 3500 Tacitos,
548 3417 662 3498 Trogos
681 3428 770 3500 atque
786 3439 890 3484 omnes
904 3421 1119 3483 disertissimos
1132 3441 1160 3483 so

100 3511 235 3570 imitarer
253 3512 334 3572 uiros
353 3512 384 3570 in
402 3511 463 3570 uita
483 3510 655 3589 principum
673 3518 704 3570 et
722 3509 907 3589 temporibus
927 3510 1118 3590 disserendis,

101 3598 154 3660 sed
181 3597 307 3662 Marium
334 3598 508 3682 Maximum,
537 3597 712 3660 Suetonium
745 3597 965 3681 Tranquillum,
993 3597 1118 3661 Fabium

903 3700 958 3755 22‘
