2638 4056
154 222 255 278 TEST.
270 222 407 278 FRAGM.
426 219 575 278 TANVSII
589 219 722 279 enutrit
741 223 843 280 TEST.
856 223 993 281 FRAGM.
1005 229 1029 279 1.
1058 223 1124 290 239

107 379 194 432 tanos
225 371 336 432 dedere
363 370 504 432 Romanis
532 372 639 432 iecere
684 371 812 433 Gustum
839 372 894 434 tibi
926 373 996 434 dare
1028 372 1124 434 uolui:

106 468 190 522 totus
222 461 270 521 bis
302 463 473 522 contexitur
505 459 590 521 liber.
631 479 707 540 quae
740 461 818 540 apud
852 461 1025 524 Sallustium
1058 479 1125 521 rara

107 551 243 629 luerunt,
271 549 350 628 apud
379 548 459 609 hunc
482 548 587 610 crebra
616 557 687 610 sunt
715 559 746 610 et
772 567 865 628 paene
893 553 1048 612 continua:
1074 549 1124 611 ille

107 641 188 699 enim
210 641 243 698 in
260 638 334 699 baec
356 637 515 718 incidebat,
534 638 631 698 ethic
649 637 699 698 illa
718 638 887 718 quaerebat
910 639 997 700 uides
1016 647 1124 720 autem,

108 728 181 807 quid
205 735 362 808 sequatur,
389 726 442 788 ubi
468 727 558 788 alicui
586 729 695 788 uitium
717 745 773 806 pro
796 727 931 806 exemplo
954 738 1008 789 est
1044 727 1151 790 llixits

81 857 85 862 -
108 816 268 878 Sallustius
287 812 384 896 ‘aquis
402 811 628 878 hiemantibus':
655 814 685 878 4.
700 817 862 878 Arruntius
880 819 912 877 in
929 819 1027 896 primo
1046 816 1123 879 libro

106 904 177 966 bebi
199 905 306 967 Punici
332 907 373 966 ait
397 900 547 983 ‘Repente
569 905 712 966 biemauit
739 901 927 987 tempestas'‚
954 902 983 968 5.
1007 914 1039 966 et
1066 905 1122 967 alio

106 993 172 1056 loco
196 1013 265 1056 cum
282 995 384 1056 dicere
402 993 495 1055 uellet
517 995 659 1073 frigidum
681 1011 793 1054 annum
816 994 922 1076 luisse,
945 997 987 1055 ait
1010 991 1122 1056 ‘Totus

105 1083 251 1146 biemauit
275 1078 393 1164 annus',
417 1080 446 1144 6.
471 1091 502 1144 et
525 1081 581 1144 alio
604 1082 669 1143 loco
694 1080 781 1144 ‘lude
801 1084 953 1162 sexaginta
971 1085 1123 1145 onerarias

106 1172 189 1233 leues
218 1179 337 1252 praeter
363 1171 489 1233 militem
517 1181 548 1232 et
575 1174 760 1233 necessarios
787 1179 946 1232 nautarum
972 1170 1121 1233 hiemante
1136 1186 1164 1227 10

105 1261 243 1341 aquilone
271 1256 380 1323 misit'.
417 1279 478 1322 uon
507 1261 617 1322 desinit
644 1259 782 1322 omuibus
809 1259 883 1321 locis
910 1260 968 1322 hoo
995 1260 1123 1323 uerbum

106 1349 254 1412 iuiulcire.
278 1349 412 1422 Quodam
434 1349 500 1412 loco
524 1350 597 1410 dicit
621 1345 779 1411 Sallustius
802 1345 896 1410 ‘luter
919 1366 999 1410 arma
1023 1349 1123 1410 ciuilia

106 1442 194 1518 aequi
217 1439 347 1519 bonique
366 1439 458 1500 lamas
481 1434 585 1519 petit':
615 1435 643 1500 t.
667 1437 829 1500 Arruntius
852 1457 912 1499 non
935 1441 1123 1519 temperant,

107 1547 166 1607 quo
180 1530 280 1589 miuus
297 1530 394 1607 primo
411 1531 511 1590 stat'uu
526 1526 603 1588 libro
617 1535 756 1608 poneret:
776 1524 926 1608 ‘lugentes
945 1546 1011 1589 esse
1030 1527 1122 1588 lamas

106 1617 142 1678 de
165 1612 300 1696 Regulo'.
387 1654 423 1711 θ
1137 1628 1163 1669 1⁵

126 1977 421 2036 sustinuerimus
440 1979 651 2036 ANNALIBVS
671 1980 848 2036 vitumnus
868 1981 1103 2037 CONSCRIPTIS

71 2091 103 2159 l.
131 2097 237 2157 Gutull.
252 2094 340 2170 36,1
362 2094 491 2156 Annales
510 2095 624 2177 Volusi,
648 2104 746 2156 cacata
770 2094 872 2154 charta
891 2102 995 2156 uotum
1013 2093 1121 2155 soluite

104 2199 159 2262 pro
183 2201 249 2244 mea
271 2183 377 2264 puella.
401 2217 438 2226 —
461 2177 530 2267 (18)
555 2185 592 2244 At
615 2203 670 2245 uos
693 2186 807 2244 interea
829 2185 930 2244 uenite
958 2185 990 2243 in
1013 2185 1121 2265 ignem,

103 2273 186 2351 pleni
212 2275 293 2333 ruris
323 2282 353 2334 et
379 2273 577 2334 inficetiarum
602 2272 722 2334 annales
744 2271 860 2353 Volusi,
883 2279 983 2333 cacata
1011 2271 1120 2332 charta.

99 2359 159 2438 '[⁶f·
179 2361 286 2424 Senec.
305 2379 350 2440 ep.
368 2361 404 2422 Χ
408 2361 435 2422 V
449 2363 468 2422 1
483 2356 568 2446 (93),
587 2362 625 2423 11
652 2361 779 2423 Annales
803 2360 926 2423 Tanusii
949 2362 1008 2422 scis
1032 2379 1120 2441 quam

104 2449 265 2528 ponderosi
288 2453 348 2512 sint
371 2459 401 2512 et
420 2451 490 2530 quid
511 2459 666 2512 nocentur.
702 2451 759 2512 boc
779 2460 825 2511 est
845 2452 906 2511 uita
925 2449 1120 2529 quorumdam
1134 2463 1161 2503 20

104 2538 200 2619 longa,
223 2547 254 2600 et
277 2539 357 2619 quod
376 2538 499 2601 Tanusii
518 2544 655 2620 seqnitur
676 2537 819 2617 annales]
848 2541 956 2600 Catuli.
971 2539 1061 2614 95,7
1084 2540 1121 2599 At

104 2625 208 2688 Volusi
222 2627 342 2689 annales
352 2629 481 2690 Paduam
494 2633 662 2690 morientur
675 2629 712 2689 ad
725 2631 820 2708 ipsam
835 2636 866 2689 et
879 2628 960 2688 laxas
975 2626 1120 2688 scombris

105 2735 192 2796 saepe
216 2716 328 2779 dabunt
351 2720 476 2779 tunicas.

393 2869 589 2926 HISTORIAE
608 2868 836 2926 FRAGMENTA

195 2977 228 3045 l.
252 2984 335 3046 Suet
358 2985 441 3046 Onus
460 2984 483 3044 9
520 2984 672 3064 Siquidem
701 2991 769 3046 ante
792 3001 903 3063 paucos
927 2983 1006 3064 dies,
1030 3000 1182 3062 quam
1139 2980 1172 3028 66

104 3071 284 3134 aedilitatem
314 3073 405 3134 iniret
436 3071 599 3154 [Caesar]‚
632 3076 718 3135 uenit
748 3074 779 3133 in
813 3074 1013 3151 suspicionem
1050 3089 1119 3132 con
1108 3068 1181 3118 666

105 3161 233 3239 spirasse
266 3179 335 3222 oum
361 3159 400 3221 ll.
428 3161 534 3222 Crasso
564 3162 726 3243 consulari,
758 3163 829 3222 item
856 3161 888 3223 P.
917 3161 998 3223 Sulla
1030 3167 1059 3221 et
1087 3159 1119 3221 L

103 3248 247 3310 Autronio
270 3258 339 3329 post
362 3249 596 3329 designationem
621 3251 794 3313 consulatus
821 3250 950 3312 ambitus
980 3249 1119 3311 condem·

104 3338 189 3418 natis,
212 3345 248 3398 ut
269 3340 419 3418 principio
442 3341 513 3401 anni
535 3347 671 3401 senatum
695 3339 885 3400 adorirentur
908 3346 938 3400 et
961 3338 1118 3400 trucidatis

104 3444 178 3506 qum
201 3425 343 3506 placitum
362 3437 451 3510 esset,
470 3429 648 3490 dictaturam
667 3428 792 3490 Crassus
814 3429 978 3508 inuaderet,
996 3429 1061 3506 ipse
1080 3425 1117 3487 ab

104 3534 138 3576 eo
162 3518 304 3596 magister
320 3519 457 3597 equitum
474 3517 637 3599 diceretur,
656 3519 876 3597 constitutaque
899 3517 935 3579 ad
959 3515 1116 3578 arbitrium
1131 3528 1158 3567 ³0

103 3605 256 3684 republica
295 3605 393 3668 Sullae
435 3614 465 3667 et
502 3609 646 3668 Autronio
688 3605 861 3668 consulatus
897 3607 1116 3667 restitueretur.
