2638 4056
166 211 234 278 232
359 239 363 248 -
456 211 494 267 M.
514 209 687 266 TERENTII
705 207 893 267 VARRONIS

166 369 199 424 et
221 361 302 441 quod
322 368 403 421 esset
425 362 457 420 in
480 361 592 421 ciuium
611 368 767 442 potestate,
786 379 822 422 ex
841 361 928 422 cuius
945 361 1047 439 potins
1065 363 1186 424 nomine

168 452 296 512 dnomm
315 449 448 530 deorum,
463 467 592 528 quorum
605 449 655 510 illa
674 452 759 530 signa
772 458 882 532 essent,
896 451 1004 511 ciuitas
1017 459 1185 512 uocaretur.

166 541 225 601 isto
250 537 380 617 Cecrops
403 538 524 600 oraculo
547 545 669 618 accepto
692 542 776 601 ciues
794 556 898 601 omnes
917 541 1076 619 utriusque
1095 557 1186 600 sexus

167 623 248 710 (mus
274 629 355 688 enim
381 635 455 688 tuno
481 630 513 688 in
542 627 654 689 eisdem
681 627 756 689 locis
778 636 857 709 erat,
884 635 920 688 ut
945 629 1036 689 etiam
1058 628 1185 689 feminae

166 715 297 796 publicis
319 714 589 778 consultationibus
611 711 808 801 interessent)
837 717 873 778 ad
901 716 1057 777 lerendum
1081 717 1214 779 suffra-⁵
1307 795 1308 806 ἵ

167 807 249 886 pum
272 807 459 867 conuocauit.
505 805 640 866 consulta
667 807 760 885 igitm
786 805 977 868 multitudine
1004 821 1103 866 mares
1128 824 1184 885 pro

166 893 320 974 Neptuno,
343 894 470 955 feminae
497 911 553 973 pro
576 893 712 955 blinema
739 895 836 956 tulere
864 896 1040 976 sententias,
1062 902 1094 955 et
1115 897 1184 974 quia

167 1001 227 1045 una
258 983 326 1062 plus
356 985 481 1044 inuenta
512 991 558 1044 est
594 982 784 1064 seminarum,
816 983 952 1046 Minerua
988 985 1070 1045 uicit.
1113 992 1184 1045 tunc

166 1071 323 1151 Neptunus
353 1075 450 1134 iratus
485 1073 609 1134 marinis
640 1071 782 1134 ductibus
814 1071 1055 1134 exaestuantibus
1087 1080 1184 1134 terras

168 1160 395 1223 Atheniensium
418 1159 577 1240 populatus
601 1169 656 1222 est.
674 1195 717 1204 -
736 1163 823 1223 cuius
850 1170 885 1223 ut
912 1161 1065 1222 iracundia
1088 1159 1228 1241 placa-1⁰

167 1258 262 1332 retur,
279 1249 392 1330 triplici
415 1249 562 1329 supplicio
585 1249 659 1310 dicit
675 1250 755 1311 idem
774 1259 880 1313 auctor
898 1249 935 1312 ab
953 1249 1185 1311 Atheniensibus

168 1337 288 1401 affectas
312 1357 377 1400 esse
400 1338 556 1419 mulieres,
584 1347 619 1399 ut
642 1338 723 1400 nulla
745 1339 873 1401 ulterius
900 1339 1015 1400 ferrent
1037 1339 1187 1419 suffragia,

168 1435 203 1489 ut
225 1427 326 1489 nullus
349 1429 536 1489 nascentium
564 1435 732 1489 maternum
760 1446 868 1490 nomen
897 1429 1059 1508 acciperet,
1086 1437 1121 1489 nt
1147 1446 1186 1488 ne

168 1518 238 1596 quis
261 1535 311 1576 eas
329 1516 495 1577 Athenaeas
518 1524 649 1577 uocaret.
673 1516 712 1594 cf.
732 1536 759 1579 o.
777 1518 822 1578 10
843 1516 882 1578 Et
902 1524 1057 1577 tamen-
1073 1524 1185 1578 tantam

168 1604 300 1685 Neptuni
314 1611 344 1664 et
353 1604 505 1665 Mineruae
519 1603 603 1665 litem
618 1607 681 1667 suis
695 1604 804 1667 litteris
813 1607 920 1666 inserit
931 1603 1075 1685 [Varro],
1088 1613 1185 1686 -ut,
1200 1614 1228 1656 1⁵

169 1711 238 1755 cnm
256 1692 462 1772 prodigiorum
480 1695 679 1755 ostentatione
698 1694 922 1774 contenderent,
940 1695 1020 1754 inter
1037 1712 1089 1754 eos
1107 1695 1183 1756 iudi·

169 1800 238 1844 care
260 1799 317 1843 neo
341 1781 445 1862 Apollo
468 1783 623 1845 consultus
652 1783 789 1862 auderet,
819 1783 872 1844 sed
900 1782 1025 1844 deorum
1053 1784 1185 1862 iurgium

169 1871 347 1953 finiendum,
370 1873 450 1932 sicut
471 1881 703 1933 memoratarum
725 1873 819 1933 trium
841 1872 965 1933 dearum
988 1871 1026 1932 ad
1048 1871 1184 1933 Paridem

167 1959 316 2040 luppiter,
345 1962 387 2021 ita
416 1967 447 2021 et
473 1962 531 2021 iste
558 1961 594 2021 ad
606 1960 759 2065 &omines
786 1961 933 2042 mitteret,
964 1959 1019 2022 uhi
1049 1963 1186 2023 uinceret

168 2048 302 2110 blinerua
327 2049 476 2129 suffragiis
499 2057 529 2110 et
552 2066 581 2128 q.
600 2067 623 2110 s.
1200 2057 1230 2098 ²⁰

260 2167 339 2234 122².
349 2173 475 2248 depost.
484 2174 522 2234 de
530 2173 667 2235 cium
670 2173 753 2237 VIII
756 2173 801 2234 10
810 2171 848 2235 Et
856 2181 956 2234 tamen
965 2173 1084 2235 Marcus
1093 2171 1187 2234 Varro

168 2279 230 2322 non
241 2259 308 2324 uult
320 2260 463 2322 fabulosis
475 2260 622 2323 aduersus
634 2262 706 2322 deos
719 2262 808 2325 fidem
821 2261 961 2324 adbibere
976 2263 1134 2343 figmentis,
1148 2280 1187 2322 ne

170 2349 207 2410 de
216 2351 380 2410 maiestatis
390 2367 493 2410 eorum
504 2349 647 2428 dignitate
657 2349 813 2430 indignum
822 2349 934 2430 aliquid
944 2353 1060 2413 sentiat.
1075 2359 1106 2412 et
1119 2351 1186 2412 ideo

169 2456 226 2499 neo
240 2437 338 2499 Areon
356 2456 453 2518 pagon
470 2469 508 2480 —
525 2436 591 2498 nult
609 2437 679 2498 inde
697 2441 849 2518 accepisse
867 2457 984 2521 nomen,
1004 2440 1083 2519 quod
1097 2439 1185 2520 biars,

170 2529 223 2607 qui
236 2525 349 2588 Graece
359 2522 452 2606 ’Ἄρης
471 2526 589 2607 dicitur,
605 2545 672 2588 cum
692 2527 845 2589 homicidii
859 2531 983 2590 crimine
1003 2546 1074 2589 reus
1090 2530 1183 2609 lieret,
1198 2535 1226 2576 2⁵

169 2615 373 2678 iudicantibus
396 2614 554 2676 duodecim
577 2615 635 2676 diis
662 2617 694 2676 in
718 2635 752 2676 eo
776 2635 852 2697 pago
881 2635 932 2678 sex
956 2619 1112 2678 sententiis
1135 2616 1184 2677 ab·

170 2705 286 2767 solutus
301 2712 346 2766 est
362 2697 447 2786 (quia
465 2701 517 2763 nbi
531 2706 612 2782 paris
630 2707 749 2766 numeri
767 2708 931 2768 sentcntiae
951 2707 1086 2787 luissent,
1099 2723 1184 2784 prae-

169 2796 241 2874 poni
263 2791 410 2856 absolutio
430 2791 611 2853 damnationi
629 2789 770 2877 solebat);
794 2795 847 2855 sed
871 2801 974 2856 eontra
992 2799 1088 2874 istam,
1108 2811 1184 2873 quae

169 2882 263 2944 multo
286 2881 413 2960 amplius
437 2887 483 2940 est
505 2880 664 2963 celebrata,
687 2884 856 2960 opinionem
875 2882 963 2945 aliam
982 2882 1128 2964 quandam
1148 2883 1184 2944 de

170 2970 366 3032 obscurorum
379 2971 484 3030 notitia
497 2969 666 3032 litterarum
680 2989 798 3032 causam
812 2975 942 3033 nominis
955 2973 1045 3034 buius
1060 2979 1186 3033 conatur
1200 2979 1229 3020 ³⁰

170 3068 315 3140 astruere,
337 3076 375 3119 ne
394 3059 492 3118 Areon
511 3075 608 3137 pagon
626 3059 821 3121 Athenienses
840 3061 876 3122 de
895 3063 1014 3122 nomine
1032 3059 1136 3122 Martis
1156 3069 1186 3122 et

168 3151 237 3229 pagi
261 3150 346 3227 quasi
363 3146 466 3208 blartis
488 3163 598 3226 pagum
620 3150 789 3210 nominasse
807 3150 977 3229 credantur,
996 3151 1027 3210 in
1046 3151 1186 3211 iniuriam

86 3237 88 3244 ’
130 3295 132 3302 ⁴
169 3235 312 3297 uidelicet
333 3237 503 3315 numinum,
528 3253 543 3294 a
568 3235 677 3316 quibus
705 3236 798 3316 litigia
822 3238 871 3299 uel
898 3237 1007 3299 iudicia
1036 3239 1186 3299 existimat

170 3323 279 3405 aliena3
302 3341 361 3384 non
380 3326 479 3385 minus
498 3323 564 3405 hoc,
587 3326 666 3405 quod
686 3325 723 3386 de
741 3325 835 3387 Marte
854 3327 974 3407 dicitur,
992 3325 1099 3387 lalsum
1119 3345 1186 3388 esse

171 3413 364 3493 adseuerans,
394 3429 481 3492 qnam
508 3412 581 3474 illud
612 3414 691 3494 qood
719 3414 758 3491 de
789 3414 886 3476 tribus
915 3414 1039 3496 deabus,
1071 3413 1185 3477 lunone
1200 3423 1230 3465 ³⁵

171 3499 286 3563 scilicet
308 3509 339 3562 et
360 3499 494 3563 Minerua
523 3510 553 3562 et
575 3501 702 3583 Venere,
731 3520 805 3583 qnae
832 3521 888 3582 pro
911 3503 988 3564 malo
1010 3521 1102 3564 aureo
1125 3505 1186 3565 adi·

171 3589 312 3670 piscendo
341 3590 419 3670 apud
448 3590 578 3651 indicem
601 3591 737 3653 Paridem
766 3590 803 3652 de
830 3591 1062 3671 pulchritudinis
1090 3592 1186 3654 excel-
