2614 4056
178 225 244 292 356
600 222 781 283 Autronius

178 376 317 438 bosiorue
346 377 377 437 in
401 393 435 436 ea
464 393 496 436 re
524 375 641 456 uidear,
675 394 764 456 quam
793 377 865 438 lldei
892 395 981 438 causa
1009 377 1201 438 inserendam
1290 449 1291 452 Ἴ

178 467 283 546 putaui
302 483 338 526 ex
357 463 442 526 libris
456 463 568 544 Acholi,
589 467 641 544 qui
660 466 802 544 magister
822 466 1036 527 admissionum
1050 464 1201 527 Valeriani
1290 471 1291 526 l

97 554 324 635 guid-principis
347 554 412 634 luit,
436 552 513 614 libro
536 561 673 614 actorum
695 556 760 615 cius
784 573 877 616 nono:
914 554 991 616 Cum
1013 554 1200 616 consedisset
1290 545 1291 570 ¹

101 643 168 692 1011
180 643 352 704 Valerianus
370 644 522 722 Augustus
545 644 577 704 in
595 642 720 704 thermis
740 644 818 723 apud
838 643 1020 724 Byzantium,
1041 652 1198 722 praesente

178 734 325 812 exercitu,
357 739 514 811 praesente
552 734 641 793 etiam
678 733 776 793 ollicio
809 732 959 812 Palatino,
992 731 1226 794 adsidentibusa

177 821 315 882 Memmio
339 821 437 882 Tusco
461 820 583 882 consule
607 821 767 901 ordinario,
790 821 899 882 Baebio
923 820 1022 882 Macro
1046 823 1198 902 praefecto

177 913 332 992 praetorii,
366 910 475 982 Quinto
499 910 626 970 ducario
653 910 791 990 praeside
818 909 964 992 Orientis,
992 910 1198 972 adsidentibus

178 1002 266 1060 etiam
285 1018 301 1059 a
320 1008 404 1080 parte
423 997 507 1060 laeua
527 998 654 1059 Auulnio
670 998 831 1060 Saturnino
848 999 980 1078 Scythici
998 999 1101 1060 limitis
1120 999 1197 1062 duce

178 1098 208 1150 et
231 1089 395 1150 Murrentio
420 1087 563 1149 Mauricio
591 1088 627 1148 ad
651 1087 816 1168 Aegyptum
840 1089 1001 1170 destinato,
1030 1088 1104 1150 lulio
1123 1088 1196 1168 Try-

179 1177 277 1257 phone
301 1176 453 1239 orie'ntalis
481 1177 586 1238 limitis
614 1177 690 1238 duce
718 1183 748 1237 et
771 1176 882 1239 Maecio
906 1177 1086 1238 Brundisino
1110 1196 1195 1256 prae·
1212 1195 1240 1234 ro

180 1267 257 1328 lecto
290 1285 424 1328 annonae
459 1268 584 1327 orientis
617 1273 648 1326 ct
676 1265 759 1345 leio
787 1265 900 1328 Crinito
933 1266 1009 1328 duce
1032 1265 1198 1351 illyriciani
1255 1291 1260 1304 ·

179 1355 282 1417 limitis
296 1365 327 1417 et
340 1355 478 1416 Thracici
492 1363 523 1416 et
542 1352 648 1415 Fuluio
663 1354 735 1416 Boio
750 1355 826 1416 duce
842 1355 938 1416 Retici
951 1354 1054 1416 limitis
1069 1355 1197 1416 Valeria-

179 1463 237 1505 nus
260 1445 412 1524 Augustus
435 1445 522 1504 dixit:
555 1439 683 1504 ‘Gratias
713 1443 769 1505 tibi
793 1447 866 1524 agit,
890 1444 1060 1524 Aureliane,
1085 1463 1133 1506 rcs
1157 1463 1197 1525 p.,

181 1534 259 1613 quod
274 1552 339 1594 eam
354 1553 369 1593 3
384 1532 549 1593 Gothorum
563 1540 709 1612 potestate
728 1531 869 1594 liberasti.
897 1533 1082 1594 abundamus
1095 1549 1151 1611 per
1166 1542 1197 1594 te

178 1622 297 1703 praeda,
320 1621 504 1682 abundamus
531 1620 625 1700 gloria
646 1627 677 1682 'et
700 1622 726 1681 is
749 1621 901 1702 omnihus,
930 1622 1039 1700 quibus
1062 1621 1196 1682 Romana
1213 1638 1239 1680 15

114 1729 116 1732 ·
179 1711 303 1772 felicitas
322 1711 439 1771 crescit.
459 1728 531 1788 cape
554 1710 646 1788 igitur
665 1708 721 1770 tibi
738 1726 793 1788 pro
813 1711 904 1772 rebus
922 1712 1014 1788 gestis
1036 1712 1096 1771 tuis
1111 1729 1195 1771 coro-

178 1799 384 1860 nasmurales
408 1805 563 1880 quattuor,
592 1817 718 1860 coronas
741 1798 867 1860 uallares
891 1802 1037 1880 quinque,
1066 1817 1194 1860 coronas

178 1888 299 1948 nauales
322 1889 405 1966 duas,
429 1905 553 1948 coronas
582 1889 693 1948 ciuicas
717 1888 803 1967 duas,
832 1890 930 1950 hastas
958 1907 1049 1968 puras
1078 1888 1194 1967 decem,

179 1976 286 2039 uexilla
309 1975 440 2038 bicolora
464 1983 617 2057 quattuor,
642 1980 758 2038 tunicas
781 1995 882 2040 russas
901 1977 1021 2038 ducales
1044 1983 1195 2058 quattuor,

177 2066 265 2145 pallia
288 2065 512 2144 proconsularia
536 2063 608 2144 duo,
632 2073 730 2144 togam
759 2074 950 2145 praetextam,
978 2068 1109 2126 tunicam
1132 2065 1194 2143 pal·
1211 2083 1239 2124 ao

177 2164 294 2235 matam,
318 2162 416 2233 togam
435 2157 555 2234 pictam,
574 2154 770 2216 subarmalem
790 2155 981 2235 profundum,
1001 2153 1102 2214 sellam
1122 2154 1194 2214 chu-

177 2251 280 2304 ratam.
326 2260 395 2303 nam
422 2249 451 2302 te
480 2243 633 2304 consulem
665 2242 753 2304 hodic
786 2245 920 2322 designo,
954 2245 1122 2320 scripturus
1155 2245 1195 2304 ad

177 2339 322 2411 senatum,
347 2338 379 2391 ut
402 2331 458 2392 tihi
480 2332 603 2410 deputet
626 2334 802 2411 scipionem,
826 2332 948 2410 deputet
970 2332 1057 2388 etiam
1082 2330 1194 2412 lasces3

176 2421 250 2480 haec
274 2421 354 2478 enim
377 2421 538 2498 imperator
553 2439 611 2482 non
632 2420 707 2480 solet
730 2417 799 2479 dare
819 2419 872 2479 sed
891 2437 908 2478 a
931 2426 1048 2497 senatu,
1073 2419 1193 2497 quando

177 2510 211 2568 lit
234 2506 352 2588 consul,
380 2505 536 2588 accipere.'
583 2502 700 2590 (314)
724 2507 795 2566 Post
827 2506 900 2566 haec
934 2505 1080 2568 Valeriani
1113 2505 1237 2569 dictans

177 2596 354 2657 Aurelianus
378 2601 509 2660 surrexit
527 2607 616 2677 atque
642 2596 677 2656 ad
700 2612 805 2656 manus
825 2598 950 2656 accessit
969 2613 1060 2675 agens
1083 2599 1193 2675 gratias

177 2685 355 2746 militaribus
373 2686 484 2768 uerbis,
504 2705 579 2766 quae
598 2687 718 2764 propria
737 2686 849 2763 etipsa
869 2684 1043 2764 adponenda
1062 2685 1192 2746 decreui.

177 2773 353 2835 Aurelianus
381 2776 468 2836 dixit:
506 2771 559 2834 ‘Et
587 2791 655 2853 ego,
683 2773 802 2834 domine
829 2772 997 2853 Valeriane,
1029 2776 1191 2853 imperator

177 2865 318 2944 Auguste,
341 2865 407 2924 ideo
432 2871 538 2924 cuncta
562 2862 631 2942 leci,
660 2862 726 2922 ideo
756 2863 880 2923 uulnera
907 2866 1055 2942 patienter
1079 2864 1192 2943 excepi,

176 2952 244 3013 idco
269 2960 298 3013 et
322 2971 415 3032 equos
439 2959 469 3012 et
492 2952 662 3011 coniuratos
680 2969 767 3012 ,meos
790 2951 900 3012 lassaui
928 2960 961 3013 ut
985 2952 1058 3014 mihi
1081 2953 1191 3030 gratias
1207 2971 1236 3010 ao

177 3049 278 3121 ageret
302 3059 350 3101 res
374 3059 403 3118 p.
428 3047 458 3100 et
481 3041 663 3100 conscientia
687 3058 759 3101 mea.
792 3049 822 3102 at
849 3049 883 3102 tu
906 3039 974 3120 plus
998 3042 1103 3102 lecisti.
1136 3058 1192 3117 ago
1290 3025 1291 3066 ¹

177 3149 248 3211 ergo
276 3130 387 3209 gratias
415 3128 540 3190 bonitati
567 3137 635 3190 tuae
663 3136 694 3190 et
725 3130 839 3209 accipio
872 3130 1073 3209 consulatum,
1102 3147 1192 3208 quem

137 3250 139 3254 ·
177 3220 237 3280 das.
276 3219 350 3280 deus
373 3218 462 3280 133131
485 3218 604 3280 etdeus
628 3226 737 3299 certus,
760 3226 795 3280 ut
818 3227 848 3280 et
872 3226 992 3280 senatus
1016 3218 1053 3278 de
1076 3236 1123 3278 me
1147 3219 1192 3277 sic

177 3303 313 3370 iudicet'.
337 3307 501 3385 rigentibus
524 3309 616 3386 igitur
634 3310 744 3388 gratias
768 3308 905 3369 omnibus
929 3305 1192 3368 circumstantibus

175 3396 279 3475 leius
294 3395 426 3457 Crinitus
445 3399 576 3458 surrexit
594 3405 682 3476 atque
702 3396 756 3458 hac
776 3399 909 3457 oratione
928 3415 1001 3457 usus
1016 3403 1074 3456 est:
1093 3390 1191 3472 ‘Apud
1207 3415 1235 3457 aa

176 3487 303 3545 maiores
328 3492 455 3566 nostros,
475 3485 626 3546 Valeriane
646 3487 787 3566 Auguste,
811 3486 889 3564 quod
914 3493 944 3546 et
963 3485 1088 3546 familiae
1108 3499 1191 3545 meae

176 3575 305 3634 amicum
324 3590 358 3633 ac
376 3577 533 3652 proprium
552 3575 616 3656 init,
635 3575 671 3635 ab
691 3576 811 3653 optimis
830 3574 998 3654 quibusque
1017 3576 1049 3636 13
1063 3573 1191 3633 filiorum
