2670 4058
486 236 711 294 TESTIMONIA
732 245 809 295 1-6.
1091 241 1155 308 121

139 389 191 464 τῆς
213 385 418 465 Παλλαντίας,’
438 381 534 466 όνομα
555 389 732 472 Κοπλανίρο,
760 383 887 464 πολλοὺς
916 385 964 451 ἐπί
991 393 1051 452 τῶν
1078 384 1158 473 ὀρῶν

138 473 199 545 ὑπὸ
222 477 326 562 λόφοις
349 483 487 565 ίιιρυψαν
509 485 540 548 oi
554 481 735 548 Παλλάντιον
757 484 807 548 καί
830 484 936 568 ἑτέροις
959 485 989 561 ἒς
1011 482 1043 551 τὸ
1067 509 1157 567 φανε-

140 575 194 662 ρὸν
215 575 285 656 τοὺς
307 587 530 665 σιτολογοῦντας
551 577 716 662 ἠνώχλουν.
752 577 769 647 ὃ
792 580 826 646 oi
846 581 977 662 [Scipio]
997 578 1157 649 Ῥουτίλιον

134 671 278 757 Ῥοῦφον,
310 678 481 762 συγγραφέα
510 681 603 743 τῶνδε
632 684 692 743 τῶν
721 681 830 764 ἔργον,
856 678 920 745 τότε
941 688 1156 765 χιλιαρχοῦντα,

140 772 271 838 ἐκέλευσε
301 775 442 862 τέσσαρας
473 777 588 841 ίππίων
619 780 685 855 ίλας
720 776 850 862 λαβόντα
886 775 1053 844 ἀναστεῖλαι
1088 778 1183 858 voigi

138 872 354 960 ἐνοχλοῦντας.)
393 896 421 939 u.
440 877 514 940 109.
540 878 607 938 645
630 882 749 956 leuatus
776 881 809 952 Q,
837 879 965 940 Caecilii
987 880 1104 943 Metelli
1125 883 1157 942 in

139 974 214 1034 lello
243 975 533 1050 Incunctanter.
560 976 627 1038 649
659 981 778 1054 consul,
806 977 858 1039 98.
882 977 951 1038 656
978 982 1096 1056 leuatus
1123 980 1157 1052 Q.

139 1062 240 1124 Mucii
261 1064 431 1127 Scaeuolae
459 1067 639 1143 (pontificis)
663 1071 858 1145 proconsulis
886 1071 917 1129 in
940 1068 1028 1143 Asin,
1053 1085 1081 1128 u.
1106 1066 1156 1128 92.

141 1151 209 1211 662
223 1153 290 1234 (uel
305 1155 413 1230 inseq.)
429 1171 448 1214 o
462 1157 639 1232 publicanis
658 1159 696 1218 de
713 1158 892 1234 repetundis
910 1159 942 1217 in
962 1159 1009 1217 ius
1027 1162 1157 1218 uocatus

140 1247 170 1301 et
192 1243 224 1301 in
248 1244 374 1303 exilium
397 1246 512 1306 eiectus
535 1251 587 1319 est,
607 1239 679 1307 ‘nou
697 1249 816 1308 soeculi
832 1248 883 1306 sui
898 1246 955 1307 sed
971 1247 1066 1306 omnis
1085 1247 1158 1307 aeui
1170 1260 1196 1301 1⁰

139 1325 279 1406 optimus'
294 1325 385 1413 (Veli.
401 1333 500 1414 1113,
514 1326 560 1416 2).
583 1337 713 1396 contulit
729 1352 762 1396 se
775 1335 953 1414 Mytilenen,
968 1340 1039 1411 port
1051 1333 1156 1412 Smyr·

138 1436 219 1494 nom,
242 1421 297 1480 ubi
314 1427 384 1497 post
407 1439 435 1482 α.
462 1422 512 1482 78.
539 1421 609 1482 676
631 1431 768 1485 mortuus
791 1429 843 1484 est.

5 1555 14 1584 ι
105 1514 139 1584 2.
169 1526 254 1588 Oros.
275 1525 356 1587 V17
379 1526 510 1590 Rutilius
530 1546 658 1611 quoque,
673 1531 721 1591 uir
739 1529 954 1608 integerrimus
969 1575 975 1590 .
991 1577 997 1590 .
1014 1577 1020 1590 .
1039 1531 1160 1609 peiurio·

141 1613 275 1675 iudicum
295 1616 510 1678 condemnatus
534 1625 593 1679 est:
617 1620 670 1698 qui
695 1617 850 1698 Zmyrnam
871 1620 1060 1698 conmigraus
1078 1617 1155 1680 litte-

5 1755 9 1760 .
139 1719 241 1769 rarum
265 1704 372 1766 studiis
395 1707 529 1768 intentus
553 1709 727 1769 consenuit..
1171 1722 1196 1764 u

4 1869 5 1872 ρ
103 1791 138 1860 3.
162 1803 270 1863 Athen.
285 1802 337 1862 IV
347 1820 379 1879 p.
393 1795 473 1863 168d
496 1796 528 1884 (e
551 1799 729 1886 Posidonio)
758 1795 844 1880 οὗτος
871 1800 899 1866 δ’
925 1803 1003 1867 ἐστὶν
1025 1799 1157 1880 Ἀπίκιος

4 1891 5 1902 ’
139 1891 156 1961 ό
178 1896 229 1960 καλ
250 1902 302 1979 τῆς
324 1903 425 1981 φυγῆς
447 1900 539 1975 αἴτιος
560 1896 718 1982 γενόμενος
731 1896 879 1985 Ῥουτιλίῳ
902 1906 942 1988 τῷ
964 1898 1019 1982 τὴν
1032 1897 1156 1982 Ῥωμαϊ-

137 1991 196 2076 ιιὴν
228 1997 359 2077 ἱστορίαν
388 1993 562 2061 ἐκδεδωκότι
589 2002 624 2081 τῇ
647 1993 801 2080 Ἑλλήνων
827 2004 925 2082 φωνῇ.
969 1998 1013 2062 VI
1028 2019 1060 2078 p.
1074 2000 1157 2060 2740

3 2149 5 2154 .
133 2087 291 2168 Ῥουτίλιος
309 2087 437 2173 Ῥοῦφος
460 2089 477 2157 ὁ
498 2090 554 2176 τὴν
576 2092 701 2177 πάτριον
722 2099 854 2179 ἱστορίαν
876 2093 1039 2180 γεγραφοίς.

102 2185 137 2253 4·
160 2193 223 2252 λίίίί.
244 2188 287 2268 sl'.
303 2191 333 2252 4.
357 2192 386 2253 5.
1167 2219 1193 2261 ρο

2 2303 12 2323 ·
103 2274 137 2341 5.
162 2305 204 2329 =
218 2283 301 2342 Aem.
326 2281 442 2342 Scauri
463 2277 528 2344 testss
546 2283 576 2343 2.

103 2364 137 2431 6.
165 2370 226 2433 Cic.
249 2370 336 2430 Brut.
354 2370 488 2452 30,113
519 2370 650 2433 Rutilius
670 2380 777 2442 ,autam
803 2374 836 2434 in
864 2372 992 2454 quodam
1021 2375 1102 2434 tristi
1126 2382 1156 2435 et

139 2475 245 2521 seuero
269 2476 378 2543 genere
402 2458 520 2520 dicendi
544 2469 682 2522 uersatus
700 2470 754 2523 est.
782 2469 846 2523 erat
864 2470 992 2542 uterque
1012 2462 1056 2541 [et
1069 2464 1106 2523 R.
1127 2469 1157 2524 et

139 2550 293 2630 Scaurus]
326 2555 432 2608 natura
461 2547 623 2610 uehemens
656 2559 686 2612 et
713 2569 789 2613 acer.
816 2545 855 2594 -'-
879 2550 1031 2631 Multaque
1064 2567 1154 2630 opera

138 2638 290 2719 multaque
304 2636 451 2698 industria
465 2635 596 2700 Rutilius
610 2638 676 2720 fuit,
689 2658 763 2719 quae
778 2646 842 2702 crat
860 2648 1019 2719 propterea
1034 2642 1154 2720 gratior,
1168 2662 1195 2704 τι

138 2727 219 2808 quod
233 2729 313 2792 idem
327 2743 468 2805 magnum
486 2743 596 2788 munus
615 2727 652 2788 de
675 2730 741 2789 iure
759 2727 961 2808 respondendi
980 2726 1154 2790 sustinebat.

139 2825 209 2880 sunt
228 2819 293 2880 eius
312 2816 462 2878 orationes
480 2815 612 2897 ieiunae,
630 2816 723 2878 multa
736 2817 888 2897 praeclara
902 2815 939 2878 de
954 2820 1033 2898 iure3
1048 2817 1154 2878 doctus

138 2908 186 2966 uir
210 2913 240 2968 et
263 2904 378 2988 graecis
396 2904 505 2966 litteris
525 2904 670 2985 eruditus,
688 2905 810 2967 Panaeti
829 2906 956 2988 auditor,
974 2924 1067 2986 prope
1085 2923 1152 2985 per-

138 2994 234 3056 fectus
258 2998 290 3056 in
313 2994 424 3074 stoicis,
448 3010 577 3073 quorum
599 3003 775 3073 peracutum
798 3003 829 3056 et
852 2999 924 3056 artis
945 2995 1067 3075 plenum
1090 3012 1153 3055 ora·

138 3086 228 3145 tionis
247 3102 341 3164 genus
361 3085 420 3142 scis
439 3090 538 3143 tamen
558 3100 623 3143 csse
643 3082 719 3144 exile
738 3102 794 3144 nec
809 3087 879 3145 satis
898 3084 1035 3165 populari
1053 3101 1153 3144 assen-
1167 3106 1193 3147 ao

138 3174 216 3233 sioni
238 3170 502 3234 accommodatum.
539 3173 640 3251 itaque
664 3171 726 3254 illa,
752 3191 827 3252 quae
850 3176 971 3252 propria
995 3181 1041 3233 est
1063 3172 1154 3234 huius

138 3261 321 3344 disciplinae,
344 3258 590 3340 philosophorum
613 3260 650 3322 dc
674 3279 705 3322 se
729 3263 863 3341 ipsorum
882 3264 991 3343 opinio,
1014 3263 1099 3322 firma
1122 3263 1153 3322 in

138 3349 194 3411 hoc
214 3353 280 3412 uiro
300 3358 330 3412 et
344 3349 459 3412 stabilis
472 3352 596 3412 inuenta
610 3359 664 3411 est.
681 3383 718 3393 -
736 3349 880 3411 habemus
899 3352 991 3429 igitur
1004 3352 1035 3412 iu
1051 3353 1153 3413 stoicis

138 3438 307 3502 oratoribus
325 3439 479 3521 Rutilium,
495 3438 640 3501 Scaurum
659 3441 691 3500 in
710 3441 854 3519 antiquis3
872 3447 1034 3519 utrumque
1053 3447 1152 3500 tamen

137 3527 306 3610 laudemus,
334 3531 473 3608 quoniam
501 3546 556 3608 per
583 3528 649 3590 illos
676 3546 714 3588 ne
737 3527 811 3589 haec
834 3528 953 3606 quidem
977 3530 1009 3588 iu
1032 3529 1153 3589 ciuitate
1166 3548 1192 3591 ω

137 3635 247 3696 genera
265 3617 320 3679 hac
339 3620 468 3681 oratoria
486 3617 572 3679 laude
594 3626 764 3679 caruerunt.
788 3616 828 3693 cf.
842 3619 881 3678 ele
895 3625 972 3678 orot.
987 3618 1010 3677 I
1019 3617 1071 3693 53,
1080 3616 1153 3678 229.
