2638 4056
418 226 653 284 enarraretur.
691 227 825 286 mecm
845 236 869 286 1.
1086 231 1153 298 215

135 386 165 440 et
188 395 280 460 nona,
303 379 438 458 inquam,
461 377 535 440 mibi
563 377 684 458 quidem
712 377 804 440 mxdta
832 387 863 440 et
890 397 955 441 eam
983 380 1152 464 utilitatem,

135 485 225 547 quam
246 465 449 547 requirebam,
473 474 507 528 ut
530 466 683 546 explicatis
711 467 867 530 ordinibus
895 477 1064 550 temporum
1091 489 1151 534 uno

134 557 166 620 iu
184 564 348 636 conspectu
362 558 460 618 omnia
475 555 619 618 uiderem.
637 557 864 632 orot.34,120
882 557 1049 638 Cognoscat
1062 563 1153 622 etiam

135 643 268 724 [orator]
297 663 400 706 rerum
427 652 579 725 gestarum
607 654 638 707 et
669 647 829 708 memoriae
861 650 974 710 ueteris
1007 649 1152 731 ordinem,

5 781 14 806 ‚
133 751 271 796 maxunn
295 732 409 796 scilicet
431 743 552 796 nostrae
575 736 706 796 ciuitatis
734 735 787 796 sed
810 737 899 797 etiam
922 738 1179 816 imperiosorumo

133 823 313 902 populorum
331 830 361 885 et
379 841 485 903 regum
503 823 674 886 illustrium.
697 842 787 903 quem
804 823 937 886 laborem
955 825 1042 888 nobis
1061 827 1152 890 ituci

133 914 229 974 nostri
252 910 364 974 leuauit
382 911 474 993 labor,
493 914 546 992 qui
564 914 750 975 conseruatis
768 916 937 994 notatisque
956 915 1151 997 temporibus,

4 1059 6 1066 ,
133 1000 208 1063 nibil
222 1019 291 1063 cum
308 1000 426 1064 idustre
444 1004 710 1082 praetermitteret,
729 1019 875 1064 annorum
894 1005 1152 1084 septingentorum

133 1092 307 1152 memoriam
329 1108 389 1152 uno
417 1089 494 1152 libro
523 1090 682 1171 colligauit.
715 1091 754 1167 os.
778 1092 866 1154 Brut.
888 1092 938 1168 19,
962 1094 1014 1154 74.
1038 1097 1077 1156 de
1095 1098 1150 1169 fin.

134 1179 241 1255 1121,
261 1179 315 1240 67.
1165 1197 1192 1236 10

97 1273 132 1341 3,
160 1269 249 1331 Coro.
264 1270 337 1346 Nep.
351 1269 411 1330 Act.
426 1267 511 1350 1e,3
533 1267 618 1331 Fecit
632 1268 689 1330 hoc
704 1268 783 1331 idem
799 1267 877 1347 [tert.
890 1269 926 1348 2]
945 1274 1105 1350 separatim
1119 1274 1151 1333 in

134 1356 200 1418 aliis
227 1356 325 1439 libris,
353 1365 387 1419 ut
408 1356 447 1418 Μ.
469 1356 557 1418 Bruti
586 1365 692 1437 rogatu
715 1356 831 1420 luciam
853 1358 994 1421 familiam
1017 1379 1034 1422 a
1057 1363 1151 1442 stirpe

134 1446 172 1508 ad
194 1445 270 1508 hanc
294 1452 420 1508 aetatem
444 1446 549 1508 ordine
568 1449 802 1528 enumerauerit,
821 1454 942 1530 notans,
967 1451 1019 1530 qui
1041 1467 1058 1511 a
1079 1469 1151 1530 quo·

135 1553 193 1615 que
216 1543 314 1617 ortus,
338 1553 413 1615 quos
440 1535 570 1597 bonores
599 1536 767 1616 quibusque
797 1536 984 1616 temporibus
1012 1541 1152 1620 cepisset,

133 1626 199 1705 pari
220 1625 308 1686 modo
331 1623 465 1686 Marcelli
482 1623 598 1687 Claudii
620 1624 658 1687 de
676 1623 892 1706 Marcellorum,
913 1625 1061 1706 Scipionis
1079 1627 1190 1690 Cor-1⁵

133 1712 205 1774 nelii
232 1721 263 1775 et
289 1712 374 1774 Fabii
400 1713 521 1774 Maximi
547 1713 707 1776 Fabiorum
735 1720 766 1776 et
793 1714 995 1778 Aemiliorum.
1042 1717 1152 1796 quibus

133 1801 218 1864 libris
236 1802 310 1864 nibil
328 1809 428 1882 potest
446 1820 512 1864 esse
531 1801 648 1864 dulcius
668 1805 721 1883 eis,
739 1804 792 1882 qui
811 1802 939 1883 aliquam
958 1805 1152 1884 cupiditatem

133 1889 244 1952 habent
266 1893 389 1953 notitiae
413 1890 562 1953 clarorum
584 1893 728 1952 uberum.

96 1983 133 2055 4,
160 1981 249 2044 Coro.
263 1983 335 2060 Nep.
345 1981 406 2042 Aet.
415 1981 464 2060 18,
476 1980 498 2040 6
511 1979 565 2042 Est
579 1982 668 2042 etiam
682 1998 761 2042 unus
774 1979 851 2042 liber
861 1980 972 2044 Graece
987 1982 1150 2064 conlectus,

135 2069 172 2131 de
186 2069 343 2132 consulatu
359 2069 521 2132 Ciceronis.
539 2071 599 2132 Cic.
615 2071 731 2132 oenc.
746 2069 855 2144 111,1
870 2068 945 2148 [ser.
958 2088 986 2132 a.
998 2071 1052 2132 60.
1069 2071 1149 2151 694]
1165 2087 1193 2126 rc

134 2157 218 2220 Tuus
240 2176 317 2238 puer
342 2191 379 2202 —
406 2158 481 2220 mihi
503 2158 618 2220 litteras
637 2157 689 2220 abs
709 2167 738 2220 te
757 2166 789 2219 et
810 2162 1058 2222 commentarium
1080 2179 1150 2223 con-

134 2246 248 2310 sulatus
268 2249 327 2309 mei
346 2247 457 2310 Graece
477 2249 623 2326 scriptum
641 2245 779 2309 reddidit
800 2249 832 2308 in
851 2247 1055 2327 quolaetatus
1075 2267 1151 2328 sum,

132 2355 181 2398 me
204 2336 355 2416 aliquanto
379 2344 447 2399 ante
471 2336 507 2398 de
530 2337 638 2399 iisdem
659 2335 751 2397 rebus
775 2335 886 2398 Graece
909 2339 982 2399 item
1006 2341 1151 2418 scriptum

132 2423 242 2488 librum
260 2423 294 2486 L.
313 2424 448 2488 Cossinio
471 2425 508 2487 ad
530 2433 561 2488 te
584 2425 797 2504 perferendum
814 2425 941 2488 dedisse.
965 2445 1033 2489 nam
1051 2429 1077 2490 si
1096 2446 1151 2508 ego

129 2522 216 2574 tuum
234 2521 302 2575 ante
321 2513 469 2596 legissem,
488 2515 619 2576 iuratum
637 2532 686 2576 me
705 2513 757 2576 abs
772 2522 801 2575 te
816 2533 882 2576 esse
901 2515 1026 2578 diceres.
1050 2535 1150 2596 qnam·
1165 2531 1192 2572 rs

131 2620 221 2684 qoam
240 2610 292 2664 tua
310 2602 359 2665 illa
378 2599 453 2684 (legi
471 2605 552 2665 enim
569 2596 712 2685 libenter)
731 2602 883 2665 horridula
902 2604 976 2666 mihi
999 2612 1088 2684 atque
1106 2607 1151 2666 in·

132 2700 251 2770 compta
269 2693 335 2754 uisa
358 2700 442 2774 sunt;
466 2692 519 2754 sed
542 2700 641 2754 tamen
664 2700 749 2753 erant
768 2701 871 2754 ornata
895 2692 952 2754 boc
971 2695 1050 2774 ipso,
1070 2693 1151 2772 quod

133 2788 308 2842 ornamenta
336 2781 540 2862 neglexerant,
568 2790 599 2843 et
626 2789 660 2842 ut
687 2780 828 2842 mulieres
856 2781 923 2842 ideo
956 2781 1032 2843 bene
1060 2781 1151 2862 olere,

135 2871 205 2949 quia
227 2868 303 2930 nibil
325 2869 452 2950 olebant,
475 2868 664 2932 uidebantur.

97 2964 134 3031 5,
158 2953 352 3036 ‘Pomponius
365 2953 497 3021 Atttccs'
512 2961 612 3022 Plinio
631 2963 662 3020 to
681 2978 709 3020 o.
724 2961 791 3020 bist.
806 2977 866 3021 see.
886 2962 947 3021 iod.
963 2966 1073 3021 auctor
1089 2957 1152 3035 fult
1165 2976 1192 3017 eo

134 3049 184 3110 lio.
207 3048 273 3109 VII.
288 3048 445 3110 XXXIII.
467 3043 621 3126 [³14ttt'cus'
636 3048 737 3108 XXX
741 3045 785 3125 V.]

444 3225 670 3283 FRAGMENTA
688 3225 849 3284 ANNALIS

227 3345 285 3412 l*.
308 3352 407 3413 Sobel.
430 3351 535 3412 Veron.
555 3353 600 3412 od
616 3349 689 3411 Aeo.
705 3351 744 3410 II
759 3350 824 3409 717
839 3367 869 3426 p.
885 3349 977 3410 91K.
1001 3347 1093 3410 Varro
1109 3381 1152 3394 -

134 3438 228 3500 reiert
245 3440 365 3501 Aenean
384 3448 470 3519 capta
488 3439 577 3500 'l'roia
592 3471 634 3482 -
648 3446 764 3518 patrem
783 3455 876 3499 suum.
895 3437 971 3498 collo
991 3441 1094 3499 tulisse
1111 3469 1150 3480 —

134 3531 376 3608 mirantibusque
391 3528 513 3589 Achiuis
528 3527 604 3588 bano
618 3530 760 3606 pietatem
774 3524 921 3588 redeundi
934 3525 1021 3588 llium
1036 3528 1152 3605 copiam

135 3615 242 3698 datam,
265 3636 300 3679 ac
323 3616 395 3678 deos
418 3626 541 3696 penates
564 3615 671 3696 ligneis
691 3614 795 3696 sigillis
813 3613 863 3676 uel
880 3614 1004 3694 lapideis
1024 3617 1151 3677 terrenis
1165 3621 1192 3665 ³⁵
