2670 4058
194 222 258 288 148
470 220 503 286 Q.
522 218 672 275 CLAVDII
690 217 932 285 QVADRIGARII

193 371 338 433 cumiusIs
362 368 513 450 equitibus
540 368 632 448 pedes
659 369 723 446 ipse
754 367 959 448 deprehensus
987 369 1076 429 unius
1104 385 1210 430 eorum

193 479 270 540 equo
294 459 396 520 lancea
417 457 553 537 perfosso
581 458 677 536 Ipsius
704 458 814 537 equitis
833 456 870 517 ad
894 475 988 518 unum
1006 456 1096 535 gladii
1115 458 1210 518 ictum

193 556 284 628 caput
306 548 499 627 desecuisset,
522 547 563 607 ita
586 563 690 606 omnes
708 553 790 606 metu
809 545 947 626 perculit,
966 551 999 607 ut
1017 554 1209 626 prospectan-

193 636 275 698 tibus
297 637 415 697 cunctis
438 637 502 715 ipse
526 636 720 714 contemptim
743 643 832 714 atque
857 635 970 696 otiosus
994 634 1176 696 abscederet.

284 720 342 786 70.
369 726 442 786 Gell.
456 725 560 785 XVII
569 724 654 798 13,5
671 723 829 785 Praeterea
847 723 1113 785 animaduertimus
1131 722 1238 794 Qua-s

192 813 357 893 drigarium
379 815 409 874 in
434 820 540 874 octauo
563 811 714 874 annalium
735 811 882 892 particula
908 814 966 874 ista
994 811 1096 890 [quio]
1120 831 1208 874 nsum

192 920 258 964 esse
282 901 503 964 obscurissime.
535 899 629 963 uerba
652 903 747 981 ipsius
769 903 938 980 posuimus:
965 901 1089 962 Romam
1115 904 1208 980 uenit,

192 993 243 1052 uix
268 997 398 1072 superat,
421 993 494 1071 quin
516 989 688 1068 triumphus
711 990 898 1052 decernetur.
1050 1027 1052 1035 ι

283 1074 341 1142 71.
360 1081 495 1142 Diomed.
511 1081 533 1140 I
539 1098 569 1157 p.
583 1079 649 1140 383
661 1081 701 1141 K.
720 1077 861 1140 Claudius
875 1086 982 1141 octauo
1000 1078 1206 1151 historiarum:

192 1167 298 1230 Flacco
322 1171 482 1248 ospieatur.
1223 1186 1253 1226 ro

282 1252 339 1320 72.
363 1259 479 1319 Nonius
506 1275 530 1318 s.
557 1274 588 1317 o.
616 1260 809 1317 murmurari
830 1277 861 1335 p.
886 1257 954 1318 478
994 1256 1207 1334 Quadrigarius

192 1344 291 1407 anuali
314 1345 363 1407 lib.
382 1344 460 1406 VIII:
483 1343 517 1405 In
540 1363 576 1406 eo
598 1343 664 1406 loco
687 1345 816 1426 populus
838 1347 1021 1407 murmurari
1043 1345 1149 1424 coepit.

548 1497 603 1554 EX
624 1497 752 1556 cinno
774 1498 855 1555 vim

86 1558 181 1727 (Ψ)
282 1606 783 1689 73.Prcctan.V11p.34711.
820 1612 960 1674 Claudius
983 1643 1026 1652 —-
1047 1612 1079 1670 in
1102 1609 1210 1671 eodem
1271 1683 1276 1694 Ι
1321 1575 1323 1712 I

109 1667 160 1716 617
193 1698 314 1776 [VIIII
332 1697 466 1777 onmss:
494 1697 551 1760 Vbi
572 1700 786 1783 decreuerrmt‚
810 1705 1042 1763 commemorant
1064 1697 1208 1779 Graccho,
1322 1715 1323 1740 i

192 1787 299 1848 foedus
317 1789 400 1867 prior
418 1787 633 1868 Pompeianum
649 1807 711 1852 non
730 1809 796 1852 esso
816 1795 976 1852 seruatum.
1001 1785 1209 1864 [Numantinis
1223 1805 1253 1847 rs

194 1876 406 1954 altomonte]

285 1959 342 2028 74.
367 1967 466 2028 Prisc.
488 1966 686 2045 V11p.347
707 1972 745 2031 II.
779 1967 919 2030 Claudius
941 1967 973 2028 in
996 1963 1075 2025 VIIII
1097 1965 1208 2026 annali:

193 2053 252 2124 uui
270 2055 355 2134 prior
373 2053 492 2136 bollum,
515 2056 594 2135 quod
613 2076 684 2118 cum
700 2058 748 2118 bis
767 2064 884 2137 gestum
902 2064 975 2136 erat,
992 2055 1207 2116 meminissent.

285 2137 367 2205 75³³.
390 2144 532 2207 lactant.
556 2148 587 2206 ia
610 2148 703 2208 schot.
722 2150 767 2208 ad
782 2147 860 2208 Stat.
882 2145 970 2208 loeo.
991 2143 1072 2203 VIII
1080 2142 1099 2202 1
1122 2140 1208 2204 Clau·

195 2231 276 2292 dius:
298 2229 373 2292 lleri
393 2232 538 2294 recedens
562 2237 682 2314 uesperi
704 2233 893 2297 Numantinis
916 2231 1028 2294 incidit.
1223 2250 1254 2292 so

561 2386 616 2444 EX
638 2386 764 2443 LIBRO
782 2385 848 2440 XIII
1322 2317 1324 2416 7

284 2491 341 2559 76.
367 2498 440 2560 Geli.
454 2500 545 2562 XIII
558 2501 643 2583 29,1
669 2499 767 2562 Verba
789 2505 861 2559 sunt
883 2495 998 2558 Claudii
1020 2492 1209 2574 Quadrigarii

193 2602 230 2645 ex
253 2584 403 2648 annalium
422 2589 487 2649 eius
506 2588 587 2651 XIII:
611 2588 755 2650 Contione
773 2587 895 2649 dimissa
912 2582 1049 2646 Metellus
1071 2585 1104 2646 in
1122 2583 1208 2663 Capi·

192 2672 298 2736 tolium
320 2678 405 2738 uenit
431 2695 501 2738 cum
527 2677 702 2740 mortalibus
730 2674 840 2738 multis.
876 2674 945 2736 inde
969 2672 1089 2734 domum
1117 2674 1208 2752 profi·

192 2763 324 2846 cimber,
347 2771 409 2826 tota
432 2766 539 2828 ciuitas
562 2784 630 2828 eum
654 2764 782 2826 reduxit.
823 2825 824 2828 ,

560 2919 615 2976 ΕΧ
632 2916 759 2973 LIBRO
781 2915 832 2970 XV

283 3025 341 3091 77.
364 3031 500 3094 Btbmed.
520 3033 588 3109 Ip.
605 3031 671 3092 383
692 3032 732 3090 K.
764 3028 905 3090 ClaudIus
928 3027 1078 3089 annalinm
1101 3029 1207 3107 quinto
1222 3049 1251 3091 ss
1321 2991 1324 3122 f

192 3118 321 3178 decimo:
352 3117 518 3181 Grundibat
541 3120 674 3199 grauiter
695 3135 789 3196 pecus
811 3117 941 3180 suillum.
965 3144 1007 3168 =
1031 3118 1106 3178 Noc.
1129 3135 1153 3177 s.
1176 3135 1207 3177 u.
1323 3125 1324 3132 ’

189 3207 344 3280 arundire
361 3225 393 3286 p.
407 3208 484 3270 465.

555 3305 610 3362 EX
627 3305 755 3362 niuno
778 3305 843 3360 XVI

283 3404 341 3472 78.
365 3413 440 3473 Non.
459 3428 483 3472 s.
500 3428 529 3470 u.
548 3411 737 3472 Monibunde
755 3430 786 3488 p.
800 3412 864 3473 122
885 3410 1026 3473 Claudius
1049 3406 1205 3470 annalibus

191 3495 367 3650 fflppbllllsvlz
390 3498 492 3578 Equae
514 3497 717 3560 hinnibundae
739 3501 819 3562 inter
841 3519 873 3562 se
897 3507 1070 3580 spargentes
1093 3504 1206 3559 terram
1221 3611 1251 3652 so
