2640 4052
450 266 711 324 FRAGMENTVM
730 269 771 327 bb.
840 221 864 262 θ
1076 272 1117 336 11

104 414 155 477 καλ
177 438 194 479 ο
217 409 302 491 τόκος
324 411 474 499 ἠλέγχετο,
497 415 548 478 καί
569 411 639 497 μετά
662 423 753 480 ταῦτα
774 417 976 500 κομιζομένων
998 417 1046 484 έπλ
1067 416 1120 484 τὸν

104 509 240 594 ποταμόν
262 520 321 578 τῶν
343 517 466 598 βρεφῶν
486 513 553 591 τοῖς
570 513 715 596 φέρουσιν
733 511 808 579 αύτδι
826 511 900 579 κκτά
916 519 1006 580 θείαν
1027 513 1120 600 τύχην

104 606 169 692 ἅμα
192 608 361 693 διεληλύθει
382 609 439 696 τὴν
460 608 556 694 αὐτὴν
579 608 652 678 δδδν
670 615 713 688 είς
733 609 766 677 τὸ
784 610 972 678 Παλλάντιον
995 610 1064 678 ίοόν·
1085 609 1120 691 ὃς

102 704 209 789 ἥκιστα
231 716 292 786 τοῖς
309 707 410 786 ἀλλοις
426 706 602 792 καταφανὴς
621 708 779 794 γενόμενος
797 708 838 788 ὥς
856 711 1008 776 ίπίσταταί
1023 736 1051 774 τι
1067 717 1120 776 τοῦ

104 801 277 889 πράγματος
299 803 428 884 ἀξιύσας
449 804 529 895 αύτῷ
548 814 781 892 συγχωρηθῆναι
798 807 834 873 τδι
855 809 953 894 βρέφη
977 808 1147 894 λαμβάνιιε

102 927 135 967 τε
156 900 232 968 αάτά
250 901 331 988 παρὰ
347 911 402 970 τοῦ
420 912 524 971 κοινοῦ
542 907 593 970 καί
607 906 708 990 φέρων
725 902 765 984 ὥς
781 904 837 990 τὴν
853 914 982 992 γυναῖκα
1000 909 1120 993 έρχεται.

102 1009 258 1068 τετοκυῖαν
281 1001 314 1068 δδ
336 1001 511 1087 καταλαβδν
532 1005 583 1068 καί
605 1001 779 1087 ἀχθομένην
801 1001 845 1068 ότι
863 1003 970 1088 νεκρόν
988 1002 1063 1090 αὐτῇ
1086 1003 1119 1070 τδ

102 1100 218 1184 βρέφος
244 1093 299 1185 ἦν,
326 1107 550 1186 παραμυθεῖταί
573 1128 603 1170 τε
628 1103 680 1167 καί
706 1105 830 1168 δίδωσιν
856 1099 1064 1186 ὑποβαλέσθαι
1085 1100 1121 1168 τὰ

102 1202 211 1264 παιδία
232 1205 334 1264 πᾶσαν
356 1201 387 1277 ἐξ
405 1197 498 1284 ἀρχῆς
516 1199 733 1287 διηγησόμενος
751 1198 807 1284 τὴν
824 1207 1028 1285 κατασχοῦσαν
1046 1197 1121 1266 αύτδι

101 1294 205 1381 τύχην.
242 1295 417 1382 αὐξομένοις
435 1298 468 1363 δὲ
485 1295 587 1377 αύτοῖς
605 1298 702 1382 ὄνομα
718 1301 829 1362 τίθεται
842 1304 882 1388 τῷ
896 1298 950 1381 μὲν
959 1295 1120 1383 Ῥωμύλον,
1135 1326 1162 1368 ιο

101 1401 144 1483 τῷ
167 1395 201 1460 δὲ
218 1392 340 1479 Ῥῶμον.

197 1498 238 1559 Οί
259 1494 292 1559 δὲ
315 1491 521 1581 ἀνδρωθέντες
542 1497 675 1580 γίνονται
701 1492 776 1558 κατοὶ
801 1519 832 1559 τε
858 1493 981 1573 ἀξίωσιν
1003 1501 1122 1579 μορφῆς

102 1593 155 1659 καί
174 1590 365 1677 φρονήματος
382 1587 476 1679 όγκον
494 1590 532 1659 ού
549 1596 732 1676 συοφορβοῖς
752 1593 802 1656 καλ
820 1592 978 1676 βουκόλοις
995 1590 1122 1670 ἐοικότες

102 1687 168 1755 ἀλλ’
194 1696 278 1771 οἴους
300 1691 340 1756 ἀν
361 1718 404 1769 τις
425 1688 558 1769 ἀξιούσειε
579 1686 648 1767 τούς
667 1691 700 1754 έιι
717 1694 867 1774 βασιλείου
885 1715 914 1756 τε
937 1689 1053 1774 φύντας
1074 1691 1122 1777 γέ-

102 1813 179 1866 νους
201 1789 252 1853 καί
274 1785 333 1854 ἀπό
358 1785 510 1871 δαιμόνων
532 1794 645 1870 σπορᾶς
667 1789 807 1874 γενέσθαι
829 1789 1040 1872 νομιζομένους
1059 1786 1122 1872 (ὥς
1135 1811 1162 1854 15

103 1888 139 1952 ίν
160 1894 223 1964 τοῖς
244 1890 378 1969 πατρίοις
399 1885 506 1971 ύμνοις
528 1883 586 1953 ύπδ
600 1883 755 1969 Ῥωμαίων
778 1885 819 1950 ἔτι
840 1886 890 1951 καί
908 1890 967 1949 νύν
989 1883 1121 1974 ᾅδεται>.

104 1981 225 2068 βίος’δ’
246 1981 347 2061 αὐτοῖς
369 1976 409 2067 ἦν
430 1981 607 2068 βουκολικὸς
625 1985 676 2047 καλ
693 1987 790 2049 δίαιτα
808 1980 972 2070 αύτουργδς
990 1985 1023 2049 ἐν
1042 1982 1123 2068 όρεσι

102 2080 140 2147 τά
162 2078 256 2149 πολλά
278 2082 460 2166 πηξαμένοις
483 2077 533 2146 διά
556 2078 653 2159 ξύλων
675 2082 724 2146 καλ
747 2079 888 2165 καλάμων
906 2079 1019 2166 σκηνὰς
1036 2079 1122 2149 αύτο-

102 2205 228 2265 ‹move-
244 2215 287 2227 -

190 2277 273 2344 Ἐπεί
294 2278 326 2343 δέ
344 2275 423 2362 ἀμφί
444 2275 480 2343 τὰ
503 2275 704 2343 ὀκτωκαίδεκα
726 2279 775 2361 ίτη
793 2277 945 2363 γεγονότες
963 2271 1049 2364 ἦσαν,
1068 2276 1122 2362 ἀμ-
1136 2305 1163 2346 ιο

94 2374 232 2462 ,φίλογόν
254 2403 280 2442 τι
302 2378 369 2458 περί
391 2383 444 2459 τῆς
465 2383 560 2460 νομῆς
582 2373 684 2452 αύτοῖς
705 2380 816 2461 γίνεται
837 2374 914 2461 πρός
935 2374 1006 2454 τούς
1025 2376 1123 2459 Νεμέ-

103 2502 191 2560 τορος
213 2472 393 2560 βουκόλονς,
421 2478 452 2540 οἳ
475 2474 543 2558 περὶ
570 2470 601 2539 τό
630 2471 796 2540 Αὐεντῖνον
823 2471 893 2558 όρος
920 2471 1042 2559 ἀντικρύ
1069 2480 1123 2540 τού

104 2577 296 2640 Παλλαντίου
316 2578 453 2657 κείμενον
475 2569 556 2657 είχον
577 2569 628 2650 τὰς
651 2570 831 2656 βουστάσεις.
871 2570 995 2660 ᾐτιῶντο
1019 2572 1052 2636 δέ
1075 2570 1123 2636 ἀλ-

105 2671 216 2755 λήλους
238 2673 368 2755 ἕκατίροι
389 2669 507 2755 θαμινὰ
525 2668 544 2754 ἢ
563 2666 619 2754 τὴν
636 2668 676 2754 μὴ
699 2667 912 2753 προσήκουσαν
934 2667 1049 2754 όργάδα
1070 2695 1122 2734 κα·

104 2771 241 2854 τανέμειν
262 2765 282 2853 ἢ
304 2768 360 2855 τὴν
381 2767 489 2854 κοινὴν
512 2767 624 2853 μόνους
643 2771 810 2852 διακρατεῖν
827 2764 847 2851 ἢ
867 2766 885 2833 ό
901 2794 929 2832 τι
947 2765 1055 2851 δήποτε
1073 2763 1123 2832 τύ-
1137 2791 1163 2834 ιε

105 2895 162 2952 χοι.
203 2869 236 2933 έκ
259 2868 292 2933 δέ
313 2874 366 2952 τῆς
388 2865 553 2952 δψιμαχίας
570 2865 678 2950 ταύτης
699 2867 834 2951 ἐγένοντο
852 2868 966 2951 πληγαί
980 2889 1050 2931 ποτε
1073 2862 1124 2929 διδι

106 2973 226 3051 χειροῖν,
249 2962 310 3031 εἶτα
329 2964 368 3031 δι’
390 2965 500 3032 ὅπλων.
539 2962 689 3049 τραύματα
712 2965 745 3028 δὲ
767 2960 860 3030 πολλὰ
882 2960 957 3047 πρὸς
978 2970 1038 3028 τῶν
1061 2987 1124 3046 μει-

106 3067 219 3147 ρακίων
246 3061 385 3148 λαβόντες
413 3068 444 3130 οἱ
468 3071 521 3153 τοῦ
550 3063 718 3148 Νεμέτορος
744 3064 797 3127 καί
820 3087 903 3139 τινας
929 3059 1124 3138 ἀπολέσαντες

105 3168 166 3227 τύν
188 3163 338 3248 σφετέρων
360 3165 410 3228 καί
432 3163 491 3228 τῶν
514 3166 631 3246 χωρίων
653 3158 727 3226 κατὰ
749 3158 857 3243 ιιράτος
878 3158 939 3244 ἤδη
963 3157 1123 3245 ἐξειργόμε-

105 3286 154 3326 νοι
175 3258 427 3345 παρεσκευάζοντο
455 3258 546 3326 δόλον
571 3258 637 3324 τινά
665 3257 711 3325 ἐπ’
738 3256 855 3336 αύτούς.
900 3262 1125 3342 προλοχίσαντες
1138 3279 1165 3323 εο

106 3355 145 3441 δὴ
168 3365 222 3442 τῆς
244 3357 399 3444 φάραγγος
420 3355 452 3423 τὸ
475 3355 591 3440 ἀφανές
613 3358 662 3422 καλ
684 3357 866 3439 συνθέμενοι
883 3364 945 3432 τοῖς
962 3361 1070 3438 λοχῶσι
1087 3351 1124 3418 τὰ

106 3455 243 3540 μειράκια
264 3453 317 3523 τόν
339 3463 392 3540 τῆς
414 3456 574 3532 ἐπιθέσεως
595 3451 715 3538 καιρόν,
739 3457 772 3519 οί
790 3455 889 3520 λοιποί
910 3449 983 3517 κατδι
1006 3458 1124 3535 πλῆθος

106 3555 156 3619 έπί
177 3551 213 3619 τά
236 3552 445 3638 μανδρεύματα
466 3551 564 3618 αὐτῶν
583 3551 697 3636 νύκτωρ
716 3553 867 3636 ἐπέβαλον.
899 3547 1048 3631 Ῥωμύλος
1070 3548 1125 3632 μέν

104 3645 238 3718 οὖντὸν
265 3650 374 3736 χρόνον
401 3658 505 3717 τοῦτον
533 3648 690 3735 ἐτύγχανεν
714 3647 781 3732 ἀμα
798 3657 859 3726 τοῖς
882 3644 1125 3729 ἐπιφανεστάτοις
