2614 4056
178 182 245 248 360
267 182 297 242 Ia.
316 182 492 260 Dotssrtvs
510 183 755 240 AVRELIANVS.
792 183 1037 242 dromonarios
1056 185 1195 243 TYRIVS

177 332 258 396 hunc
280 339 380 394 umen
404 332 524 413 quidam
547 331 684 400 historici
706 312 826 396 lauddre
849 336 948 396 conati
970 341 1050 410 sunt,
1068 341 1099 396 et
1120 335 1195 396 ridi-
1287 407 1288 410 Ἴ

177 422 244 483 cnle
272 422 401 501 quidem.
438 441 508 484 nam
534 422 636 484 Gallus
658 424 827 502 Antipater,
855 423 959 485 ancilla
986 423 1134 486 honorum
1162 431 1194 486 et

178 509 390 572 historicorum
423 511 731 592 dehonestamentum,
768 514 949 592 principium
990 514 1027 574 de
1063 512 1194 574 Aureolo

178 599 295 663 hahuit:
319 595 477 662 ‘Venimus
500 601 536 661 ad
559 603 770 680 imperatorem
794 604 923 664 nominis
946 597 1018 664 sui'.

338 827 383 910 c.
416 759 665 913 domums
697 767 1032 916 arduinum

392 974 557 1045 (imperator
574 991 599 1033 s
619 982 679 1032 aro,
695 983 879 1033 sesa-sac.
899 979 980 1047 sons)

300 1099 354 1153 on
391 1097 739 1157 sententiarumve
776 1100 1078 1156 TESTIMONIVM

144 1202 179 1272 l.
210 1213 326 1289 Vopisc.
335 1213 443 1289 Auni,
459 1213 482 1273 6
496 1210 618 1293 [Iunius
632 1215 811 1277 Tiberianus
824 1232 893 1276 eum
904 1216 1030 1291 Vopiseo
1043 1211 1194 1291 loquitur]
1209 1233 1226 1275 s

179 1300 219 1362 Et
236 1309 345 1382 tarnem
359 1304 385 1362 si
404 1300 479 1363 benc
498 1305 579 1382 noui,
598 1303 804 1383 ephemeridas
822 1302 902 1364 illiers
922 1305 979 1365 uiri
1001 1299 1193 1382 [Aureliam]
1287 1353 1288 1367 ,

180 1392 307 1470 scriptas
329 1389 483 1470 habemus,
502 1393 591 1451 etiam
614 1390 691 1453 hella
709 1391 881 1453 charactere
903 1391 1047 1453 historico
1071 1392 1195 1472 digesta,

180 1498 257 1558 quae
278 1477 371 1541 uelim
393 1482 521 1559 accipias
544 1487 574 1540 et
596 1499 652 1560 per
674 1481 810 1542 ordinem
833 1480 960 1563 scribas,
987 1479 1095 1542 additis
1119 1498 1195 1560 quae

180 1568 217 1629 ad
239 1570 333 1630 uitam
355 1570 516 1649 pertinent.

283 1778 289 1790 ’
405 1783 760 1873 cummutandus
792 1787 977 1875 TYRIVS

329 1933 629 1990 russinonrvn
664 1935 716 1990 su
751 1935 1052 1994 rusennnrvn

273 2043 305 2110 l.
332 2049 446 2125 Vopisc.
461 2049 535 2108 Aur.
551 2047 617 2130 42
643 2047 768 2111 Matrem
788 2050 906 2130 quidem
925 2051 991 2110 cius
1007 2048 1196 2128 [Aureliani]
1213 2070 1244 2110 ro

182 2137 353 2199 Callicrates
376 2136 492 2216 Tyrius,
516 2137 698 2200 Graecorum
725 2138 811 2218 longe
840 2140 1030 2200 doctissimus
1058 2141 1198 2219 scriptor,

183 2227 367 2288 sacerdotem
390 2224 494 2304 templi
513 2225 598 2306 Solis,
622 2229 674 2308 qui
696 2229 727 2288 in
746 2230 814 2289 uico
837 2246 873 2287 eo
896 2229 927 2286 in
946 2245 1006 2305 quo
1025 2226 1200 2289 habitabant
1287 2221 1288 2235 ¹

182 2323 321 2396 parentes
335 2361 342 2374 .
357 2360 365 2374 .
379 2361 387 2374 .
401 2362 408 2375 .
424 2314 516 2376 luisse
535 2315 615 2377 dicit
644 2315 783 2378 habuisse
807 2317 880 2394 quin
899 2316 987 2375 etiam
1010 2313 1198 2376 nonnihilum

183 2404 390 2484 diuinationis,
413 2403 486 2465 adeo
509 2405 724 2486 utaliquando
747 2405 853 2464 man‘to
877 2420 931 2463 suo
954 2404 1077 2482 iurgans
1099 2406 1197 2483 inges-

184 2495 270 2570 serit,
293 2510 362 2553 cum
385 2494 451 2553 eins
473 2503 504 2554 et
527 2494 682 2556 stultitiam
705 2496 874 2569 increparet
896 2499 926 2552 et
953 2491 1112 2554 uilitatem:
1136 2488 1197 2553 ‘En
1212 2520 1243 2559 rs

182 2582 372 2661 imperatoris
394 2577 535 2660 patrem'.
559 2602 595 2644 ex
615 2600 674 2662 quo
692 2587 808 2641 constat
826 2579 906 2640 illam
929 2580 1086 2643 mulierem
1104 2583 1197 2642 scisse

184 2670 290 2732 fatalia.

272 2759 355 2820 ldem
383 2760 455 2822 dicit
483 2761 614 2838 auspicia
641 2757 800 2818 Aureliano
827 2758 901 2821 haec
928 2760 1035 2820 fuisse:
1066 2759 1197 2836 primum

183 2851 271 2930 pueri
303 2850 368 2910 eius
395 2849 512 2929 peluem
540 2853 710 2925 serpentem
737 2847 912 2928 plerumque
941 2847 1069 2908 cinxisse
1099 2863 1197 2925 neque

183 2956 326 3018 umquam
352 2938 450 3000 occidi
475 2937 622 3016 potuisse,
649 2943 801 3015 postremo
833 2939 927 3016 ipsam
955 2943 1093 3015 matrem,
1121 2953 1197 3015 quae
1211 2962 1241 3004 ω
1287 2949 1288 2958 ’

184 3027 241 3089 hoc
265 3028 390 3106 uiderat,
412 3033 582 3104 serpentem
601 3027 687 3104 quasi
709 3025 883 3087 familiarem
902 3024 1039 3087 occidere
1057 3023 1197 3086 noluisse.

184 3116 232 3177 his
255 3116 370 3179 accedit
393 3114 471 3194 quod
496 3132 532 3174 ex
555 3113 672 3193 palliolo
691 3134 854 3197 purpureo,
877 3114 956 3195 quod
976 3112 1037 3175 Soli
1060 3116 1107 3175 sui
1126 3122 1199 3175 tem·

184 3207 268 3285 poris
290 3208 452 3284 imperator
475 3202 637 3284 optulerat,
660 3204 799 3266 sacerdos
821 3203 930 3266 mulier
952 3202 1114 3282 crepundia
1138 3202 1197 3263 tilio

185 3295 293 3356 iecisse
310 3292 495 3372 perhibetur.
519 3291 601 3354 addit
619 3296 707 3354 etiam
726 3292 799 3354 illud
819 3293 897 3373 qnod
916 3295 1052 3354 uinctum
1071 3290 1197 3352 fasceola

185 3381 377 3445 Aurelianum
401 3381 498 3461 aquila
524 3384 644 3442 innoxie
669 3382 705 3443 de
728 3383 815 3444 cunis
838 3380 985 3442 leuauerit
1008 3382 1092 3441 etin
1116 3398 1195 3441 aram
1210 3405 1238 3445 sc
1287 3451 1288 3456 η

185 3473 330 3552 posuerit,
349 3489 424 3551 quae
447 3473 529 3532 iuxta
547 3470 688 3532 sacellum
707 3471 784 3532 torte
804 3472 867 3531 sine
886 3469 1006 3550 ignibus
1024 3480 1097 3532 erat,
1120 3469 1198 3530 idem
1287 3471 1288 3548 l

186 3567 291 3621 auctor
314 3568 361 3621 est
382 3559 511 3621 uitulum
534 3562 622 3622 matri
645 3561 710 3620 eius
737 3567 840 3621 natum
862 3561 955 3621 mirae
978 3558 1198 3640 magnitudinis,
