2614 4056
178 241 244 306 358
477 239 667 295 moenis
686 237 894 298 esuriisti.

178 389 333 452 Seuerum.
367 389 420 450 sed
443 389 542 450 omnia
564 389 638 450 liaeo
666 387 758 449 libido
781 397 812 451 et
835 390 982 469 cupiditas
1004 388 1194 452 mulierariae

176 478 339 559 uoluptatis
363 481 406 540 sic
430 478 573 558 perdidit,
601 485 635 538 ut
662 497 749 540 nemo
777 479 884 540 audeat
911 481 1040 540 uirtutes
1068 481 1133 540 eius
1160 482 1194 540 in

176 567 294 680 litteras,
318 570 452 647 mittere,
481 586 569 648 quem
598 575 714 628 constat
741 570 874 628 omnium
905 569 1016 629 iudicio
1046 571 1193 630 meruisse

175 675 279 737 puniri
297 705 303 718 .

393 864 660 952 MAEONIVS
691 864 970 954 ASTYANAX

336 1013 641 1070 unsrunonlvu
676 1014 729 1069 nu
765 1011 1067 1070 rusuunu‘rvu

140 1121 175 1190 l.
202 1127 287 1190 ileo.
316 1129 390 1189 Poll.
419 1131 489 1205 trip.
517 1135 576 1208 tyr.
604 1128 655 1208 12,
683 1127 702 1186 1
738 1126 830 1206 Capto
867 1126 1021 1190 Valeriano
1053 1162 1090 1173 -
1121 1148 1220 1191 cums

103 1251 156 1302 aei
176 1214 341 1277 Gallienum
367 1217 618 1278 contemnendum
641 1214 761 1276 Ballista
787 1217 958 1296 praelectus
985 1217 1133 1280 Valeriani
1161 1227 1192 1279 et

94 1303 344 1392 Midacrianns
361 1308 478 1384 primus
501 1306 611 1367 ducum
634 1303 851 1387 intellegerent,
870 1307 1082 1386 quaerentibus
1101 1309 1191 1368 etiam

176 1393 320 1455 militibus
329 1397 497 1474 principem
511 1413 605 1455 unum
618 1396 650 1454 in
664 1392 762 1455 locum
778 1404 993 1457 concesserunt
1003 1403 1191 1477 quaerentes,

175 1483 245 1562 qnid
262 1483 429 1545 iaciendum
439 1492 528 1544 esset.
542 1491 674 1562 tuncque
689 1485 831 1564 constitit,
841 1484 972 1546 Gallieno
987 1484 1074 1563 longe
1083 1488 1190 1565 posito,

173 1570 302 1632 Aureolo
334 1580 498 1652 usurpante
529 1573 688 1650 imperium
721 1572 830 1633 dobere
863 1574 992 1652 aliquem
1022 1576 1191 1654 prinoipem
1206 1597 1234 1638 ro

173 1661 241 1721 lieri
259 1667 290 1721 et
312 1662 433 1741 quidem
457 1662 615 1740 optimrmr,
638 1679 676 1721 ue
700 1662 846 1742 quispiam
871 1670 1015 1743 tyrannus
1038 1665 1190 1724 existeret.

173 1747 269 1810 Verba
302 1752 394 1830 igitur
421 1750 573 1831 Ballistae,
601 1758 745 1829 qnantum
773 1751 926 1813 llaeouius
953 1753 1110 1832 Astyanax,
1138 1755 1192 1832 qui

173 1838 297 1899 consilio
330 1839 483 1920 interluit,
510 1839 634 1920 adserit,
663 1840 738 1902 haec
769 1841 903 1902 inerunt:
942 1837 1023 1902 ‘Mea
1050 1851 1081 1901 et
1109 1850 1190 1902 aetas

174 1935 204 1988 et
224 1926 373 2007 professio
397 1936 428 1989 et
450 1926 589 1989 noluntas
611 1926 698 2008 longe
722 1928 759 1990 ab
781 1931 907 2010 imperio
931 1929 1048 2013 absunt,
1071 1937 1102 1991 et
1125 1947 1190 2010 ego,

174 2017 253 2096 quod
277 2035 385 2097 negare
409 2036 468 2077 non
492 2034 627 2098 possum,
651 2018 762 2079 bonnm
789 2021 955 2098 prinoipem
979 2036 1098 2099 quaero.
1135 2019 1188 2079 sed
1205 2039 1247 2098 ro,

174 2108 241 2185 quis
265 2107 383 2167 tandem
407 2113 461 2185 est,
485 2108 538 2185 qui
561 2105 708 2168 Valeriani
730 2105 828 2168 locum
851 2110 946 2187 possit
969 2106 1107 2187 implere,
1130 2109 1190 2169 nisi

172 2192 250 2275 talis,
264 2193 359 2273 qualis
373 2202 407 2255 tu
426 2212 468 2275 es,
482 2195 578 2275 iortis,
596 2203 746 2277 constans,
765 2198 890 2277 integer,
903 2196 1047 2275 probatus
1061 2197 1093 2256 in
1112 2215 1145 2257 re
1158 2214 1190 2276 p.

172 2290 212 2364 ct,
227 2283 306 2362 quod
323 2285 450 2343 maxime
469 2282 505 2345 ad
523 2285 683 2364 imperium
700 2287 839 2364 pertinet,
858 2280 965 2346 diues?
982 2286 1081 2362 arripe
1095 2286 1190 2363 igitur

171 2371 270 2432 locum
293 2372 408 2433 meritis
426 2374 488 2434 tuis
511 2372 658 2435 debitum:
681 2391 728 2434 me
751 2373 901 2450 praelecto
925 2390 1014 2451 quam
1032 2372 1085 2433 din
1104 2372 1189 2434 uoles

171 2461 275 2521 uteris.
312 2466 438 2522 tusum
462 2480 495 2522 re
518 2480 546 2541 p.
569 2469 685 2523 tantum
708 2461 783 2521 bene
807 2478 889 2540 agas,
916 2467 952 2521 ut
978 2468 1008 2522 te
1036 2459 1188 2524 Romanus
1203 2483 1233 2525 ro

172 2547 255 2609 orbis
287 2548 398 2610 iactum
430 2553 595 2630 principem
627 2543 779 2628 gaudeat'.
823 2549 867 2608 dd
899 2549 972 2610 haee
1005 2548 1188 2612 Macrianus:

173 2633 306 2717 ‘Fateoq
324 2637 452 2716 Ballista,
471 2640 629 2719 imperium
652 2637 795 2716 prudenti
816 2655 877 2698 non
901 2639 1011 2700 irnstra
1035 2649 1089 2700 est.
1118 2638 1187 2700 uolo

172 2729 253 2787 enim
274 2729 321 2787 rei
343 2746 371 2806 p.
390 2729 560 2807 subuenire,
579 2736 667 2805 atque
690 2725 770 2787 illam
789 2734 902 2805 pestem
922 2726 1055 2807 elegum
1078 2727 1186 2808 guber-

172 2814 287 2876 naculis
311 2816 478 2896 dimouere‚
507 2815 559 2876 sed
587 2833 647 2875 non
674 2815 732 2876 huc
758 2818 790 2876 in
814 2835 861 2878 mc
883 2819 989 2878 aetatis
1013 2825 1071 2878 est:
1095 2833 1187 2877 senex

172 2922 253 2985 sum,
272 2906 309 2967 ad
333 2905 499 2983 exemplum
525 2906 660 2984 equitare
684 2922 745 2966 non
767 2923 905 2986 possum,
928 2905 1087 2967 lanandum
1110 2904 1186 2966 mihi
1200 2927 1231 2969 ss

172 3001 220 3054 est
242 2994 444 3074 frequentius,
467 2993 615 3054 edendum
638 2992 809 3075 delicatius,
831 2994 952 3056 diuitiae
977 3013 1024 3055 me
1051 2996 1110 3055 iam
1133 2994 1186 3056 du-

172 3083 244 3143 dum
263 3084 299 3144 ab
318 3101 377 3144 usu
389 3081 512 3144 militiae
530 3089 729 3144 retraxerunt.
752 3085 878 3146 iuuenes
897 3084 989 3164 aliqui
1007 3090 1076 3146 snut
1095 3101 1185 3163 qnae-

170 3171 266 3253 rendi,
281 3190 336 3233 neo
354 3189 444 3255 unus,
458 3171 510 3234 sed
529 3171 589 3233 duo
607 3170 657 3232 nel
675 3180 738 3232 tres
756 3172 920 3254 fortissimi,
935 3174 987 3252 qui
1004 3190 1042 3232 ex
1056 3171 1186 3234 diuersis

170 3260 307 3339 partilrus
325 3260 409 3322 orbis
431 3261 555 3323 humani
578 3278 642 3323 rem
660 3279 690 3340 p.
708 3262 882 3341 restituant,
904 3279 993 3340 qnam
1012 3259 1186 3323 Valerianus

172 3348 241 3427 iato,
264 3348 415 3411 Gallienus
438 3353 518 3413 uitae
542 3368 614 3411 suae
636 3368 746 3428 genere
768 3345 989 3430 perdiderunt'.
1016 3347 1089 3411 Post
1111 3350 1187 3412 haec
1201 3375 1231 3416 ao

171 3434 318 3498 intellexit
341 3457 409 3499 eum
428 3437 548 3500 Ballista
567 3441 610 3500 sic
629 3457 726 3519 agere,
748 3447 783 3500 nt
805 3438 842 3500 de
861 3439 930 3500 liliis
946 3441 1012 3500 ¹suis
1029 3438 1187 3501 uideretur

172 3526 303 3604 cogitare
327 3533 416 3605 atque
444 3528 518 3589 adeo
546 3529 589 3588 sio
617 3528 775 3607 adgressus
803 3537 859 3590 est.
886 3523 1088 3589 ·‘Prndentiae
1116 3535 1187 3591 tuae

171 3629 236 3672 *em
252 3616 291 3691 'p.
319 3613 473 3677 tradimus.
515 3616 552 3677 da
583 3617 676 3695 igitur
707 3614 818 3678 liberos
850 3624 918 3681 tuos
944 3615 1127 3679 llacriannm
1154 3629 1188 3680 et
