2670 4058
484 241 745 298 FRAGMENTVM
763 249 807 298 45.
1089 244 1153 310 169

137 409 199 454 non
221 391 299 452 hello
323 391 429 473 solum,
452 391 504 453 scd
524 392 603 472 quod
622 391 771 452 Romanae
791 395 1005 472 temperantiae
1024 393 1154 472 fideique

138 483 291 560 specimen
313 480 373 542 illis
396 481 536 560 gentibus
559 481 721 561 dedissent,
743 481 781 544 ad
804 489 970 544 extremum
993 481 1080 544 ambo
1098 500 1154 561 pro

137 588 172 632 re
194 569 314 649 publica
336 578 463 631 mortem
486 569 673 632 occubuisse.
702 587 773 632 cum
789 569 909 632 iliorum
932 571 1057 650 gloriam
1075 573 1155 632 tueri

137 661 268 740 posteris
286 661 359 720 satis
377 666 466 736 esset,
486 659 711 720 P.·Airicanum
728 666 844 722 tantum
863 668 1004 739 paternas
1022 662 1154 740 superie-

138 751 216 810 cisse
239 747 355 829 laudes,
383 757 417 809 ut
443 747 532 810 tidem
556 749 675 828 iecerit,
697 765 758 810 non
781 751 925 828 sanguine
947 749 1078 812 humano
1101 749 1183 812 sed⁵

139 839 234 916 stirpe
256 837 359 899 diuina
382 844 480 898 satum
502 855 536 898 se
559 855 634 900 esse.
657 837 690 898 L.
710 836 889 918 Scipionem,
906 838 945 900 de
964 857 1024 919 quo
1042 845 1154 920 agatur,
1177 835 1193 888 ὓ

138 934 174 988 ut
196 944 272 1006 quae
294 928 327 988 in
348 925 505 1007 Hispania,
528 945 604 1005 quae
626 929 659 988 in
680 926 793 1007 Africa,
816 945 885 988 cum
912 927 1028 1006 legatus
1054 928 1156 988 fratris

138 1023 229 1096 esset,
242 1017 392 1095 gessisset,
406 1023 640 1094 praetereantur,
650 1015 804 1076 consulem
818 1021 849 1077 et
862 1015 899 1077 ab
913 1024 1019 1078 senatu
1032 1016 1156 1096 dignum

139 1106 253 1185 unum,
281 1107 331 1166 cui
357 1112 442 1166 extra
469 1112 581 1166 sortem
608 1104 678 1166 Asia
706 1107 863 1184 prouincia
889 1113 920 1168 et
946 1103 1059 1166 helium
1085 1123 1155 1166 cum

138 1193 286 1255 Antiocho
304 1211 375 1272 rege
394 1193 617 1272 decerneretur,
634 1201 665 1254 et
683 1212 701 1254 a
718 1194 821 1274 tratre,
838 1196 889 1256 cui
906 1199 975 1272 post
992 1193 1068 1256 duos
1087 1209 1199 1254 con-1⁰

139 1282 255 1346 sulatns
277 1301 495 1362 censuramque
518 1289 549 1344 et
571 1282 758 1361 triumphum
780 1282 895 1362 legatus
917 1286 950 1344 in
966 1282 1066 1344 Asiam
1089 1285 1156 1344 iret

139 1371 183 1434 ihi
205 1390 243 1433 ne
265 1372 439 1451 magnitudo
462 1378 493 1432 et
514 1371 656 1451 splendor
672 1370 764 1451 legati
785 1371 924 1434 laudibus
942 1371 1075 1434 consulis
1093 1371 1156 1432 offi-

140 1469 232 1541 ceret,
254 1461 331 1522 sorte
354 1464 396 1522 ita
418 1462 568 1540 incidisse,
592 1469 635 1540 ut,
658 1479 718 1541 quo
741 1460 790 1522 die
808 1461 844 1521 ad
863 1460 1045 1540 Magnesiam
1063 1463 1157 1539 signis

138 1549 266 1612 conlatis
293 1549 326 1612 L.
350 1549 451 1629 Scipio
477 1549 657 1612 Antiochum
683 1549 858 1631 deuicisset,
886 1568 974 1629 aeger
1001 1549 1033 1612 P.
1057 1549 1157 1629 Scipio

139 1638 248 1701 Elaeae
277 1638 395 1700 dierum
423 1638 537 1718 aliquot
563 1641 613 1700 uia
640 1637 766 1700 abesset.
803 1658 864 1700 non
891 1639 985 1701 fuisse
1011 1641 1159 1700 minorem
1172 1653 1199 1694 1⁵

140 1746 210 1790 eurn
233 1729 400 1790 exercitum
421 1745 509 1808 quam
527 1727 709 1808 Hannibalis,
731 1747 800 1788 cnm
823 1746 883 1808 quo
906 1731 939 1790 in
956 1729 1056 1790 Africa
1078 1737 1160 1790 esset

140 1824 314 1897 pugnaturn.
351 1815 546 1878 Hannibalem
569 1815 697 1878 eundem
725 1816 818 1878 fuisse
845 1819 924 1878 inter
951 1817 1061 1879 multos
1084 1816 1158 1878 alios

140 1908 242 1986 regios
264 1906 365 1984 dacae,
388 1908 441 1984 qui
462 1908 627 1986 imperator
647 1906 755 1967 Punici
777 1905 849 1966 helli
870 1907 970 1968 fuerit
998 1913 1029 1967 et
1046 1905 1157 1968 bellum

142 1995 264 2075 quidem
286 1998 328 2058 ita
350 2001 469 2073 gestum
487 2001 671 2075 essentne
691 1995 841 2056 ionunam
860 1995 980 2074 quidem
1000 1997 1159 2075 qumquam

142 2086 297 2150 criminari
318 2085 426 2164 possit:
449 2085 481 2144 in
504 2102 577 2162 pace
600 2086 714 2144 crimen
733 2085 850 2164 quaeri,
869 2101 934 2144 eam
951 2083 1012 2146 dici
1031 2085 1159 2145 uenisse.
1173 2107 1201 2146 ao

142 2174 193 2236 hic
215 2173 320 2234 decem
342 2172 454 2252 legatos
482 2172 571 2234 simul
598 2174 696 2253 argui,
720 2191 848 2252 quorum
876 2191 912 2234 ex
940 2172 1064 2235 oonsilio
1092 2172 1160 2234 data

143 2281 200 2342 pax
223 2269 312 2324 esset.
342 2279 522 2341 quamquam
545 2264 695 2322 exstitisse
717 2280 755 2322 er
777 2262 883 2324 decern
904 2261 1010 2341 legatis
1033 2264 1085 2342 qui
1107 2261 1160 2324 Cn.

143 2351 286 2414 Manlium
308 2358 499 2430 accusarent,
525 2358 626 2412 tamen
648 2368 708 2411 non
730 2351 820 2412 modo
843 2350 880 2412 ad
904 2353 1039 2414 criminis
1062 2352 1160 2432 tidem,

144 2441 198 2502 sed
229 2459 268 2502 ne
299 2440 336 2502 ad
368 2457 483 2502 moram
514 2439 635 2518 quidem
666 2440 812 2518 triumphi
844 2458 908 2502 eam
940 2443 1159 2503 accusationem

144 2529 284 2592 ualuisse.
310 2523 352 2611 (c.
366 2523 434 2611 59.)
457 2536 486 2590 at
505 2528 627 2590 hercule
650 2531 683 2590 in
702 2527 841 2607 Scipione
864 2527 945 2608 leges
968 2531 1049 2608 ipsas
1066 2531 1158 2610 pacis,
1176 2549 1195 2584 u
1260 2537 1266 2550 ·

144 2626 180 2680 ut
208 2620 334 2680 nimium
366 2617 605 2681 adcommodatas
631 2617 792 2697 Antiocho,
824 2626 979 2697 suspectas
1006 2636 1089 2697 esse,
1115 2619 1159 2678 in·

144 2717 263 2786 tegrum
286 2709 367 2769 enim
393 2710 422 2768 ei
449 2723 577 2786 regnum
602 2705 755 2787 relictum,
783 2708 882 2768 omnia
908 2705 1063 2786 possidere
1090 2723 1159 2767 eum

29 2843 33 2850 .
145 2800 260 2858 uictum
283 2813 360 2875 quae
382 2803 452 2858 ante
470 2795 582 2856 helium
600 2797 666 2856 eius
684 2794 806 2875 fuerint,
824 2797 890 2856 anri
908 2804 939 2856 et
957 2797 1072 2874 argenti
1090 2813 1159 2856 cum

145 2888 209 2948 uim
231 2903 368 2965 magnam
389 2884 558 2964 habuisset,
581 2883 655 2944 nihil
677 2886 710 2944 in
731 2883 886 2963 puhiioum
909 2883 1049 2963 relatum,
1072 2901 1159 2944 omne

145 2977 178 3036 in
199 2977 350 3054 priuatum
373 2991 505 3036 uersum
541 2991 580 3034 an
606 2980 726 3051 praeter
754 2974 887 3035 omniurn
914 2972 1017 3035 oculos
1038 2979 1160 3034 tantum
1173 2994 1201 3034 eo

146 3067 213 3126 auri
240 3065 416 3142 argentique
445 3065 477 3124 in
503 3061 654 3141 triumpho
681 3061 715 3122 L.
739 3061 902 3142 Scipionis,
928 3068 1072 3141 quantum
1099 3077 1161 3121 non

145 3153 250 3214 decern
277 3151 343 3214 aliis
370 3151 544 3231 triumphis,
571 3152 599 3212 si
621 3168 709 3211 omne
731 3152 764 3212 in
791 3169 885 3212 unum
907 3151 1092 3230 conteratur,
1115 3156 1161 3210 est

146 3237 260 3304 latum?
282 3258 351 3302 nam
374 3239 445 3320 quid
468 3240 505 3301 de
528 3238 639 3320 finibus
662 3241 749 3318 regni
770 3236 888 3301 dicam?
914 3239 1014 3300 Asiam
1042 3256 1161 3300 omnem

147 3337 178 3392 et
199 3331 335 3409 proxima
353 3323 490 3408 Europae
513 3329 646 3390 tenuisse
668 3327 857 3390 Antiochum.
888 3345 922 3390 ea
946 3335 1055 3408 quanta
1077 3328 1160 3407 regio

145 3418 230 3480 orbis
251 3426 402 3480 terrarum
424 3420 472 3498 sit,
490 3435 506 3478 a
526 3416 624 3478 Tauro
642 3424 743 3478 monte
761 3419 794 3478 in
811 3416 960 3496 Aegaeum
978 3435 1074 3496 usque
1093 3434 1161 3502 pro,
1174 3437 1202 3478 ae

147 3510 264 3570 minens
282 3525 375 3587 mare,
389 3516 463 3586 quot
479 3524 539 3568 non
559 3504 650 3566 urhes
663 3504 752 3566 modo
767 3505 819 3566 sed
836 3514 940 3585 gentes
958 3505 1161 3586 amplectatur,

147 3615 252 3680 omnes
275 3598 362 3658 scire.
398 3594 476 3658 hanc
497 3597 651 3674 regionem
673 3593 789 3656 dierum
812 3593 882 3674 plus
904 3596 1026 3674 triginta
1049 3596 1081 3656 in
1098 3593 1160 3655 ion·
