2614 4056
191 230 321 287 TATlVS
336 228 522 284 cinthius.
543 227 694 284 ONESIMI
712 227 810 284 TEST.
830 227 964 286 rubum.
977 235 1000 283 1,
1029 227 1095 293 365

173 375 206 442 2.
231 381 338 442 [οιικιι.
353 379 429 456 Lyd.
445 381 483 439 de
501 395 580 454 τινας.
596 377 705 438 11133
720 397 750 455 μ,
765 377 832 438 226
845 380 900 439 Βίι.
923 378 1040 457 Συρίαν
1063 373 1096 438 δέ

85 477 158 561 ὅλην
175 477 225 541 καὶ
239 477 445 556 Παλαιστίνην
463 509 499 520 -
516 473 656 555 ἐπαρχίας
675 470 830 549 ἀναδείξας
850 471 1093 553 [Constantinus]

85 573 195 660 ἐδεήθη
217 572 366 655 ὕπαρχον,
389 569 459 654 μετὰ
481 568 533 636 cdv
555 568 675 654 Λιβύης
701 572 752 634 καί
774 575 918 648 Γαλατίας
936 567 1096 654 Ἰλλυρίδος

85 697 114 739 τε
137 671 186 735 καὶ
205 668 341 748 Ἰταλίας,
363 669 414 732 καί
441 674 493 750 τῆς
516 665 591 756 ἑῴας
613 671 870 751 προχειρίσασθαι,
893 666 1096 749 σκεπτόμενος,

84 765 124 845 ὥς
155 765 243 844 αὐτὸς
275 763 291 833 ὁ
324 762 461 851 βασιλεὺς
493 767 525 829 ἐν
556 773 617 842 τοῖς
646 765 753 831 ἕαντοῦ
780 767 856 852 λέγει
882 764 1123 851 σαγγροὶμμασι,σ

85 867 215 950 Πέρσαις
244 859 397 947 ἆδοκῆτως
423 859 569 929 ἐπελθεῖν.
604 860 744 946 ἠπίστατο
777 862 833 948 γὰρ
862 869 1096 946 Κωνσταντῖνος,

83 961 175 1040 πολὺς
199 959 242 1028 δν
264 964 298 1028 έν
319 988 348 1027 τε
371 959 523 1026 παιδεύσει
545 955 642 1046 λόγων
664 963 715 1025 καί
737 959 917 1044 σννασκηοει
939 959 1039 1028 ὅπλων
1056 997 1094 1010 --

82 1059 124 1145 μὴ
143 1058 217 1125 εἷναι
236 1055 343 1149 ῥᾴδιον
361 1058 455 1135 ἄλλως
468 1065 748 1141 καταπολεμηθῆναι
763 1060 880 1143 Πέρσας
898 1056 939 1141 μὴ
957 1055 1097 1142 ἐξαπίνης

83 1156 183 1235 αὐτοῖς
205 1154 395 1242 ἐπιχεομένης
416 1154 540 1238 ἐφόδου.

358 1313 540 1404 ululis
574 1314 825 1402 OYRILLVS

463 1444 715 1502 rusuuuourvu

48 1539 82 1605 l.
110 1543 181 1621 Cap.
197 1543 282 1603 Max.
297 1542 324 1616 1,
339 1541 358 1600 1
380 1540 423 1601 Ne
443 1541 628 1603 fastidiosum
649 1549 729 1603 esset
742 1542 916 1603 clementiae
931 1550 1008 1622 tuae,
1022 1540 1097 1604 Con·
1112 1563 1138 1602 ιο

85 1633 214 1693 stantine
238 1633 377 1711 maxime,
392 1630 524 1710 singulos
540 1649 674 1710 quosque
689 1634 841 1711 principes
860 1631 909 1692 uel
928 1632 1098 1711 principum

84 1721 194 1781 liberos
209 1738 262 1799 per
277 1719 369 1781 libros
383 1719 516 1797 singulos
531 1719 638 1798 legere,
652 1719 774 1781 adhibui
789 1720 1029 1801 moderationem,
1040 1739 1098 1800 qua

83 1813 115 1870 in
133 1827 228 1870 uuum
247 1807 387 1869 uolumen
412 1809 487 1868 duos
505 1807 693 1888 Maximinos,
714 1819 829 1888 patrem
848 1809 1009 1891 liliumque,
1028 1828 1097 1870 con·

83 1917 229 1979 gererem.
252 1900 373 1958 seruaui
391 1897 532 1976 deinceps
551 1897 631 1957 burm
655 1897 798 1976 ordinem,
817 1915 906 1976 quem
930 1901 1024 1977 pietas
1048 1905 1098 1959 tua

84 1990 173 2049 etiam
192 1986 228 2046 ab
247 1985 332 2046 Tatio
356 1985 478 2066 Gyrillo,
502 1984 668 2047 clarissimo
691 1985 824 2068 homine,
852 1989 904 2066 qui
928 1986 1038 2047 Graeca
1066 1989 1098 2048 in
1112 2007 1138 2048 ιτ

83 2077 223 2138 Latinum
245 2077 351 2156 uertit,
379 2077 495 2135 seruari
522 2073 626 2135 uoluit.
663 2074 741 2154 quod
764 2074 885 2154 quidem
904 2093 964 2136 non
983 2077 1013 2135 in
1038 2094 1097 2136 tino

83 2177 199 2226 tantum
223 2165 299 2226 libro
323 2164 375 2225 sed
398 2165 429 2224 in
452 2163 589 2243 plurimis
612 2162 753 2242 deinceps
775 2163 947 2245 reseruabo,
965 2166 1098 2243 exceptis

83 2253 326 2334 imperatoribus,
350 2271 478 2333 quorum
504 2270 554 2311 res
582 2260 681 2331 gestae
709 2251 811 2331 plures
840 2263 929 2332 alque
957 2252 1098 2314 clariores

83 2346 199 2422 magnis
222 2343 385 2423 longiorem
409 2341 579 2404 desiderant
602 2347 724 2403 textum.

435 2495 755 2583 consiliis

482 2625 708 2682 TESTIMONIA

47 2717 83 2785 l.
110 2725 161 2784 Fr.
180 2722 201 2782 2
224 2722 382 2783 Onesimus
405 2726 535 2804 scriptor
557 2726 637 2784 uitae
660 2723 759 2784 Probi.
802 2723 882 2800 sr.3
905 2721 937 2785 0.
957 2726 1009 2804 qui
1033 2723 1097 2785 dili·
1112 2745 1139 2784 ao

85 2813 258 2892 gentissime
281 2812 374 2872 uitam
396 2811 486 2876 Probi
509 2815 637 2892 scripsit.

45 2905 85 2972 2·
110 2911 194 2972 Soio.
214 2928 237 2971 s.
251 2928 280 2970 u.
296 2908 371 2986 [lp.
386 2909 465 2970 1121
479 2911 576 2987 Boou.
606 2904 771 2990 Ὀνοῖσιμος,
795 2903 930 2990 Κύπριος
953 2903 972 2989 ἢ
996 2913 1099 2988 Σπαρ-

86 3002 196 3085 τιάτης,
218 2998 364 3087 ἱστορικὸς
391 3003 440 3067 καὶ
463 3002 619 3087 σοφιστής,
645 3013 705 3069 τῶν
732 3006 779 3070 ἐπὶ
802 3008 1030 3070 Κωνοταντίνον
1054 3031 1098 3089 γε·

86 3102 230 3185 νομένων.
267 3101 378 3184 έγραψε
397 3096 526 3164 στάσεων
546 3103 709 3184 διαιρέσεις,
727 3103 831 3186 τέχνην
850 3099 1007 3184 δικανικὴν
1026 3100 1100 3184 πρὸς

81 3197 222 3282 Ἀψίνην,
244 3198 311 3282 περὶ
333 3195 536 3280 ἆντιρρητικῆς
557 3199 668 3281 τέχνης,
691 3200 950 3285 προγνμνοίσματα,
969 3200 1094 3281 μελέτας,
1109 3221 1135 3263 as

86 3294 217 3382 ἐγκώμια
235 3298 285 3360 καί
298 3294 371 3359 ἅλλα
387 3302 513 3360 πλεῖστα.

368 3413 567 3469 Hlsroumu
587 3413 816 3472 FRAGMENTA

178 3505 209 3572 l.
241 3512 310 3589 Vop
341 3511 557 3585 Proc.13,1
589 3509 644 3572 llic
680 3517 778 3571 tamen
816 3510 992 3592 [Proculus]
1031 3533 1181 3589 cum—
1118 3510 1171 3559 280

85 3603 175 3663 etiam
194 3608 262 3680 post
284 3600 414 3661 honores
441 3599 584 3661 militares
608 3597 783 3679 acinprobe
806 3599 976 3680 libidinose,
999 3600 1178 3664 tamen10³³
