2640 4052
196 235 242 298 44
532 234 569 290 Μ.
588 231 710 289 POROII
728 232 883 290 CATONIS

290 379 349 446 5⁴².
387 386 475 447 Seru.
490 387 539 445 adi
554 385 628 446 Aen.
644 384 665 442 I
677 382 699 442 6
731 381 802 442 Cato
821 385 853 442 in
872 381 1038 462 originibus
1057 381 1115 444 hoc
1134 381 1219 463 dicit,
1304 369 1305 398 ³

199 475 287 536 cuius
315 475 524 534 auctoritatem
553 471 712 533 Sallustius
741 473 879 550 sequitur
907 473 939 532 in
966 470 1044 532 bello
1073 469 1219 532 Catilinae

201 560 240 640 [c.
258 561 307 642 6],
331 564 427 643 primo
451 561 564 624 Italiam
583 562 716 623 tenuisse
736 560 892 641 quosdam,
917 562 969 640 qui
992 559 1220 640 appellabantur

199 651 385 730 Aborigines.
421 650 476 712 hos
500 658 603 730 postca
627 649 759 710 aduentu
778 648 894 710 Aeneae
913 647 1080 730 Phrygibus
1097 651 1219 710 iunctos

199 739 321 802 Latinos
344 759 405 802 uno
428 742 548 801 nominc
572 745 768 817 nuncupatos.
1233 751 1248 792 s

290 833 350 901 6*.
387 839 477 900 Dion.
493 838 562 898 111
592 837 632 898 Οί
648 833 681 897 δέ
699 829 869 917 λογιώτατοι
886 831 948 896 των
960 828 1133 916 Ῥωμαϊκῶν
1147 855 1220 918 σνγ-
1307 885 1308 888 ¹

199 933 354 1017 γραφέων,
377 933 411 997 έν
433 929 479 1009 οίς
501 933 560 998 ἔστι
579 925 712 1015 Πόρκιός
733 955 763 994 τε
786 927 908 1011 Κότων,
928 927 944 996 ὃ
962 929 1015 1008 τὰς
1031 934 1220 1016 γενεαλογίας

199 1035 258 1094 τῶν
280 1029 314 1093 ἐν
333 1027 439 1116 Ἰταλίρι
461 1027 579 1094 πόλεων
601 1028 805 1112 ἐπιμελέστατα
831 1024 1026 1113 σνναγαγων,
1053 1032 1104 1096 noi
1126 1028 1220 1107 Γόιος

199 1124 396 1210 Σεμπρώνιος
413 1127 465 1191 ιιαλ
482 1125 566 1192 ἄλλοι
586 1128 705 1209 συχνοί,
718 1122 866 1207 Ἕλληνας
882 1123 992 1203 αὐτοὺς
1006 1127 1217 1214 [Aborjqines]

199 1221 276 1290 eleon
297 1225 415 1309 λέγουσι
437 1230 496 1289 τῶν
523 1225 557 1288 έν
577 1217 681 1307 Ἀχαΐᾳ
707 1222 777 1287 ποτέ
805 1221 1004 1305 οἰκησόντων,
1026 1231 1262 1310 concluye-1⁰

200 1330 282 1398 νεαῖς
307 1318 453 1404 πρότερον
485 1326 537 1386 τοῦ
568 1319 699 1402 πολέμου
730 1327 784 1386 τοῦ
814 1327 949 1404 Τρωικοῦ
977 1319 1219 1403 μεταναστάντας.

201 1416 298 1484 οόκέτι
316 1418 415 1501 μέντοι
434 1421 614 1501 διορίζουσιν
632 1415 699 1482 οὔτε
717 1423 817 1498 φῦλον
830 1415 1005 1501 Ἑλληνικὸν
1027 1411 1065 1484 οὗ
1088 1426 1220 1502 μετεῖχον

201 1515 269 1581 οὔτε
295 1513 383 1580 πόλιν
410 1517 441 1593 ἕξ
468 1507 506 1596 ἧς
532 1510 740 1598 ἀπανέστησαν
768 1514 835 1581 οότε
858 1513 967 1600 χρόνον
989 1510 1062 1582 οὔθ’
1088 1512 1220 1601 ἡγεμόνα

200 1620 252 1696 τῆς
273 1609 414 1689 σἰποιιιίας
433 1609 504 1677 οὔθ’
521 1608 638 1688 ὁποίαις
655 1609 757 1695 τόχαις
774 1611 953 1697 χρησάμενοι
971 1611 1026 1695 τὴν
1040 1611 1221 1696 μητρόπολιν

200 1707 359 1776 ἆπέλιπον·
387 1707 550 1799 Ἑλληνικῷ
576 1735 606 1774 τε
634 1705 723 1798 μόθω
752 1709 931 1795 χρησόμενοι
958 1707 1069 1776 οόδένα
1095 1716 1155 1776 τῶν
1181 1708 1218 1774 τὰ
1233 1727 1262 1769 1⁵

196 1805 355 1891 Ἑλληνικὰ
383 1805 566 1894 γραψάντων
592 1804 759 1891 βεβαιωτὴν
786 1808 973 1893 παρέσχοντο.
1011 1810 1150 1870 =113
1172 1803 1220 1890 οἷς
1310 1795 1311 1832 ³

200 1903 258 1992 ἐγὼ
281 1904 476 1990 πειθόμενος,
499 1909 526 1972 εί
551 1913 591 1994 τῷ
619 1904 683 1973 όντι
705 1904 881 1990 Ἑλληνικόν
908 1912 1006 1987 φῦλον
1032 1898 1073 1989 ἦν
1099 1902 1132 1971 τὸ
1160 1910 1220 1970 τῶν

197 2000 406 2088 Ἀβοριγίνων,
430 2001 470 2081 ὥς
488 2001 611 2068 Κάτωνι
630 2006 681 2068 καί
698 2007 884 2090 Σεμπρωνίῳ
907 2003 957 2068 nat
978 2009 1099 2079 πολλοῖς
1120 2000 1220 2079 όίλλοις
1311 2033 1312 2040 ¹

201 2105 232 2166 ε”
280 2127 320 2165 αι.

215 2127 325 2254 wi.
355 2194 452 2254 Pn'se
475 2191 578 2253 Vise
595 2194 632 2254 II.
671 2191 804 2254 Cato-
825 2193 856 2252 in
879 2191 892 2251 1
915 2193 1078 2271 originum:
1105 2191 1262 2272 Agrumso

202 2299 290 2361 quem
305 2279 403 2341 Volsci
421 2279 604 2364 habuerunt,
624 2284 801 2361 campestris
820 2279 923 2360 plenus
937 2280 1133 2360 Aboriginum
1153 2282 1218 2342 fuit.
1309 2261 1312 2358 ί

202 2397 244 2420 =
261 2370 307 2429 VI
313 2389 344 2446 p.
353 2369 422 2430 230
436 2369 473 2429 ΙΙ.
496 2369 581 2432 ibes.
600 2389 669 2433 nou,
684 2371 760 2433 Mai.
779 2375 816 2433 ct
836 2377 917 2432 ναοί.
940 2370 1021 2430 VIII
1031 2389 1062 2446 γ.
1077 2369 1150 2431 389.
1164 2371 1218 2430 54.

292 2452 352 2519 8*.
376 2459 465 2519 Seru.
479 2461 524 2520 ud
535 2461 609 2521 Aen.
624 2460 679 2520 XI
687 2460 754 2520 316
775 2458 859 2520 Vnde
878 2458 1030 2539 sequenda
1048 2465 1095 2519 est
1117 2461 1218 2538 potius

200 2546 281 2607 Liuii
293 2544 329 2624 [I
333 2545 365 2625 l]
371 2593 380 2627 ,
396 2545 539 2608 Sisennae
551 2546 609 2626 [fr.
619 2547 654 2627 2]
670 2555 700 2609 et
710 2547 832 2610 Catonis
847 2550 1015 2609 auctoritas
1040 2565 1108 2608 nam
1123 2566 1218 2627 paene

202 2651 305 2696 omues
333 2637 472 2716 antiquae
499 2635 642 2698 historiae
670 2640 834 2717 scriptores
867 2639 900 2698 in
931 2636 988 2697 boc
1017 2639 1217 2698 consentiunt.
1232 2651 1260 2693 ss

202 2724 274 2786 Cato
298 2726 378 2786 enim
400 2727 432 2785 in
456 2724 622 2804 originibus
641 2726 724 2808 dicit,
743 2725 887 2786 Troianos
908 2744 924 2786 a
943 2725 1048 2786 Latino
1067 2727 1218 2805 accepisse

201 2831 319 2895 agrum,
347 2816 400 2893 qui
429 2821 476 2874 est
502 2816 582 2875 inter
604 2813 788 2876 Laurentum
816 2821 846 2875 ct
868 2821 965 2876 castra
988 2813 1123 2875 Troiana.
1168 2813 1218 2876 hic

201 2904 290 2964 etiam
324 2902 447 2964 modum
479 2905 544 2982 agri
573 2911 786 2965 commemorat
816 2911 846 2964 et
875 2902 949 2964 dicit
978 2921 1048 2964 eum
1077 2901 1218 2964 habuisse

201 2993 304 3072 iugera
326 2991 434 3055 l’mcc.

290 3074 351 3142 9²⁸.
375 3082 465 3143 Seru.
480 3083 525 3142 ad
536 3085 610 3143 Aen.
627 3081 648 3140 I
656 3080 727 3141 267
758 3079 843 3143 Licet
867 3081 1007 3161 superius
1030 3080 1154 3142 historia
1178 3082 1259 3142 sitae

201 3175 333 3248 narrata,
347 3178 447 3230 tamen
462 3170 552 3230 etiam
566 3169 731 3230 secundum
746 3168 888 3231 Catonem
901 3169 1043 3230 historiae
1056 3168 1113 3229 boc
1127 3167 1218 3230 babet

201 3255 290 3317 fides:
320 3256 449 3319 Aeneam
477 3276 547 3319 cum
574 3266 658 3336 patre
687 3258 723 3319 ad
751 3257 865 3319 italiam
893 3260 1013 3319 uenisse
1041 3264 1071 3317 ct
1093 3264 1217 3335 propter

201 3347 322 3405 innasos
342 3363 428 3424 agros
447 3354 551 3408 contra
566 3346 704 3408 Latinum
718 3347 914 3427 Turnumque
932 3363 1089 3426 pugnasse,
1107 3347 1139 3405 in
1157 3364 1216 3425 quo

200 3431 316 3511 proelio
339 3436 430 3513 periit
452 3433 585 3496 Latinus.
622 3435 758 3497 Turnum
776 3444 879 3515 postea
898 3435 934 3497 ad
953 3434 1132 3497 Mezentium
1148 3453 1217 3496 con·

201 3520 313 3600 fugisse
324 3524 448 3603 eiusque
462 3523 572 3585 fretum
588 3523 698 3585 auxilio
710 3523 787 3585 bella
799 3542 971 3605 renouasse,
983 3522 1093 3603 quibus
1102 3523 1216 3584 Aeneas
1230 3537 1257 3580 ω

201 3609 382 3691 Turnusque
395 3613 509 3690 pariter
522 3614 602 3690 rapti
615 3620 694 3674 sunt.
731 3615 876 3692 migrasse
894 3619 998 3692 postea
1011 3615 1043 3674 in
1057 3612 1216 3674 Ascanium
