2638 4056
406 218 506 275 rnsr.
524 225 604 276 o-c.
640 218 777 275 rsnsnt.
798 225 875 275 1-2.
1083 219 1149 286 209

131 369 211 432 aliud
235 369 384 450 quoddam
407 376 575 450 separatum
594 368 735 432 uolumen
753 376 935 450 exspectant
970 387 1025 450 ego
1049 376 1149 431 autem

131 493 174 504 -
196 460 313 522 minore
340 458 475 539 periculo
503 460 641 521 existimo
668 466 772 521 contra
799 458 865 520 Illas
892 459 1020 520 nefarius
1047 466 1148 539 partes

1 575 2 584 ν
131 550 203 610 nino
226 555 353 629 tyranno
375 549 437 610 dici
459 549 593 628 potuisse
612 567 702 628 quem
716 556 847 610 mortno.
878 548 929 610 ille
948 550 1027 610 eninr
1045 549 1148 611 neseio

1 715 2 718 ρ
131 655 191 718 quo
209 646 296 718 pecto
316 637 431 700 ferebat
446 656 495 699 me
512 637 635 718 quidem
655 637 841 718 mirabiliter,
860 656 950 719 nune,
969 656 1148 718 quoeunque

130 746 187 789 nos
204 729 430 809 communimus,
452 728 489 789 ad
508 726 643 789 Caesaris
661 745 722 788 non
744 727 832 788 modo
851 735 915 788 aeta
933 745 1040 789 uerum
1059 729 1176 789 etiam⁵

130 818 259 896 cogitata
281 835 467 879 reuommur.
504 816 670 892 mm
690 815 763 894 [ser.
777 835 807 878 α.
821 817 875 877 44.
894 815 972 895 710]
996 814 1149 878 Excndam

131 905 243 986 aliquio
261 899 481 986 ‘Hpoeuiuieiou‚
503 906 584 986 qnod
612 905 703 968 lateat
724 908 756 966 in
783 905 934 967 thesauris
961 907 1031 967 tuis.
1068 906 1099 981 4,
1117 906 1147 966 3.

130 995 180 1071 13,
193 996 223 1056 3.
246 996 332 1057 XVI
344 996 375 1071 2,
391 997 421 1056 6.

96 1082 131 1150 6.
155 1085 254 1146 Scool.
269 1085 342 1147 Boo.
356 1088 400 1147 od
415 1087 512 1147 θέσαν.
524 1103 583 1162 pro
598 1087 703 1146 Plane.
716 1104 749 1162 p.
761 1084 833 1144 270
845 1103 888 1161 sq.
908 1085 959 1146 Or.
987 1082 1029 1144 Te
1048 1083 1147 1146 aiebas

132 1172 170 1234 de
184 1174 245 1234 tuIs
259 1172 350 1235 rebus
366 1177 458 1254 gestis
477 1173 573 1236 nullas
591 1173 706 1235 litteras
724 1175 851 1254 misisse,
865 1173 945 1254 quod
964 1172 1039 1235 mihi
1056 1189 1148 1254 meae,
1162 1185 1188 1223 ¹⁰

131 1280 206 1342 quas
219 1261 257 1324 ad
275 1262 403 1342 aliquem
421 1265 580 1344 misissem,
598 1261 777 1341 obruissent]
792 1295 831 1308 -
843 1262 991 1342 signifieat
1010 1263 1148 1344 epistu-

1 1419 2 1426 η
131 1350 198 1412 iam
221 1369 291 1413 non
309 1352 527 1415 mediocrem
545 1352 586 1413 ad
605 1354 724 1413 instar
742 1350 940 1414 uoluminis
959 1352 1147 1433 scriptam,

1 1457 2 1514 3
131 1458 235 1520 quarn
257 1439 425 1520 Pompeio
448 1443 485 1502 in
507 1442 624 1503 Asiam
648 1441 689 1502 de
716 1440 830 1504 rebus
853 1443 930 1502 suis
958 1443 994 1502 In
1018 1458 1147 1503 consu-

131 1527 349 1610 latugestis
377 1533 527 1592 miserat
556 1529 696 1606 Cicero,
723 1530 889 1611 aliquanto,
916 1537 952 1592 ut
979 1527 1146 1610 uidebatur,

130 1617 308 1682 Insolentius
326 1622 478 1702 scriptam,
491 1628 526 1683 ut
538 1618 661 1698 Pompei
675 1619 862 1681 stomachum
875 1638 936 1681 non
953 1619 1146 1680 mediocriter
1161 1627 1188 1668 1⁵

130 1717 342 1789 commoneret,
360 1709 440 1788 quod
459 1708 586 1789 quadarn
605 1709 780 1788 superbiore
799 1709 938 1771 iaetantia
956 1705 1095 1771 omnibus
1115 1726 1147 1769 se

129 1795 268 1877 gloriosis
278 1797 405 1860 ducibus
415 1798 943 1879 anteponeret-obfueruntautem
953 1815 1068 1878 reuera,
1078 1815 1147 1858 nam

131 1887 174 1948 sic
197 1887 337 1949 effectum
350 1894 405 1970 est,
422 1898 456 1949 ut
474 1891 502 1949 ei
518 1886 679 1967 Pompeius
698 1893 801 1949 contra
816 1885 986 1948 Clodianam
1004 1887 1068 1950 uim
1086 1904 1147 1948 non

129 1978 377 2056 patrocinaretur.

509 2057 770 2114 FRAGMENTVM

211 2145 466 2204 OONMENTARII
496 2145 630 2206 GRAECI
661 2147 711 2202 DE
743 2143 963 2202 GONSVLATV
996 2143 1066 2203 SVO

220 2256 251 2326 l.
274 2262 354 2324 Prot.
372 2264 472 2326 Crass.
486 2263 527 2324 13
546 2256 600 2324 ’m
617 2258 651 2323 δέ
663 2284 725 2336 τοις
734 2281 805 2341 περι
793 2258 980 2324 Κατιλίναν
996 2253 1212 2341 πράγμασι63

130 2355 267 2441 μεγάλοις
289 2359 340 2422 rat
364 2383 470 2442 μινρου
455 2355 629 2440 ’δεήσασιν
651 2352 868 2437 ἀνατρέψαι
837 2381 893 2438 την
906 2351 1022 2436 Ῥοόμην
1043 2343 1208 2436 όηίᾼιατο691

131 2454 187 2536 μέν
212 2481 254 2531 τις
284 2452 414 2520 ’ὑπόνοια
443 2462 497 2520 τοῦ
524 2454 665 2540 Κράσσου
698 2456 749 2519 καί
780 2461 952 2537 προσῆλθον
983 2452 1146 2537 ἅνθρωπος

131 2549 325 2634 όνομόζων’
307 2550 368 2617 απὸ
389 2559 443 2636 τῆς
465 2557 661 2636 συνωμοσίας,
685 2551 784 2630 οὐδείς
806 2552 840 2616 ot
863 2549 1083 2616 έπίστευσεν.”
1065 2577 1146 2634 ομως

132 2647 161 2714 δ’
182 2647 199 2715 ὃ
218 2651 353 2734 Κικέρων
371 2653 404 2715 έν
421 2677 479 2716 τινι
496 2649 573 2738 λόγῳ
597 2649 728 2735 φανερὸς
743 2642 783 2733 ἦν
802 2647 930 2736 Κράσσῳ
949 2649 999 2712 καί
1017 2652 1146 2731 Καίσαρι

131 2746 185 2831 τὴν
206 2752 305 2814 αἰτίαν
322 2747 577 2835 προστριβόμενος.
609 2745 672 2814 aitt’
693 2741 780 2824 οὗτος
803 2747 857 2830 μέν
880 2743 1001 2830 όλόγος
1019 2743 1145 2828 έξεόόθη

131 2843 202 2930 μετὰ
233 2844 288 2932 τὴν
319 2845 434 2931 ἀμφοῖν
463 2844 606 2929 τελευτήν.
642 2844 696 2910 Ἑν
727 2846 761 2910 δὲ
791 2851 831 2932 τῷ
866 2845 933 2928 περὶ
960 2839 1099 2921 ὑπατείας
1130 2841 1188 2909 δυσ

131 2946 268 3029 Κικέρων
290 2944 404 3028 νύκτωρ
427 2946 503 3029 φησί
524 2943 575 3012 τὸν
597 2942 739 3028 Κράσσον
765 2939 929 3024 ἀφικέσθαι
954 2937 1029 3023 πρὸς
1055 2934 1148 3006 arhiv

0 3092 3 3103 .
131 3040 287 3126 ἐπιστολὴν
309 3048 463 3128 κομίζοντα
484 3041 520 3108 τό
542 3043 610 3125 περὶ
631 3039 684 3108 τόν
697 3043 860 3106 Κατιλίναν
882 3039 1083 3123 ἐξηγουμένην
1106 3033 1147 3114 ὥς

130 3136 191 3224 ἤδη
213 3145 393 3226 βεβαιοῦντα
414 3139 469 3225 τὴν
490 3143 689 3223 συνωμοσίαν.
712 3136 766 3223 (σί.
785 3142 882 3204 θέσαν.
901 3131 1008 3222 σ.15.)

287 3315 517 3373 FRAGMENTA
534 3313 633 3370 LIBRI
651 3313 699 3369 DE
719 3309 895 3370 CONSILIIS
915 3308 994 3366 svis

222 3424 255 3493 2.
278 3432 387 3493 Areon.
407 3433 451 3492 od
466 3432 528 3493 θέο.
546 3433 578 3490 io
597 3418 657 3504 t'oo.
677 3430 766 3490 cauri.
781 3426 876 3503 10:74
890 3427 928 3486 K.
952 3423 1037 3505 nico,
1060 3442 1088 3503 p.
1112 3443 1147 3504 c,

132 3522 288 3600 superiore
311 3527 398 3581 noete
421 3517 577 3581 cniusdam
599 3517 728 3578 hominis
751 3513 859 3578 nobiIis
883 3521 913 3574 et
931 3512 1018 3575 ualde
1041 3515 1073 3574 in
1090 3513 1147 3574 hoc
1162 3525 1190 3566 το

133 3605 300 3690 largitionis
327 3617 453 3688 quaestu
476 3608 558 3670 docti
585 3614 615 3668 et
644 3606 757 3685 cogniti
783 3603 904 3665 domum
931 3601 1086 3665 Catilinam
1119 3609 1150 3669 et

186 3720 277 3768 Ριυιι,
292 3719 354 3762 nint.
368 3718 433 3760 Rom.
447 3719 528 3768 magns
956 3708 990 3757 14
