2670 4058
238 183 373 239 FRAGM.
383 181 430 238 ET
439 181 540 239 TEST.
558 183 589 239 P.
601 181 707 240 OORN.
717 182 803 240 SOIP.
813 183 894 240 NAS.
913 183 1015 240 TEST.
1025 190 1048 239 1.
1088 184 1153 250 115

133 327 226 406 δόξου
250 328 411 414 γενομένης
434 327 617 410 ἐπιφανείας.
654 329 705 394 καλ
727 327 788 414 μὴν
816 327 891 397 ούδέ-
914 327 969 412 τὴν
991 331 1078 396 θέσιν
1100 335 1153 415 τῆς

128 423 329 511 Καρχηδόνος
352 422 422 494 ούδέ
442 423 497 509 τὴν
515 424 700 510 κατασκευὴν
723 425 794 492 οὐδὲ
813 425 868 511 τὴν
889 435 942 512 τῆς
960 426 1152 513 περιεχούσης

128 523 225 608 αὐτὴν
248 529 353 608 λίμνης
380 521 518 589 διάθεσιν
546 522 664 611 ἠγνόει,
693 521 743 588 δεδι
774 525 807 590 δέ
834 550 926 590 τινοιν
957 522 1064 595 ἆλιέων
1091 532 1151 596 τάν

128 623 363 709 ἐνειργασμένοιν
384 630 447 699 τοῖς
468 619 571 700 τόποις
594 619 735 705 ἐξητάκει,
759 619 834 687 διότι
857 621 992 689 καθόλου
1016 623 1070 706 μέν
1092 625 1152 690 ἐστι

7 771 8 778 .
129 718 300 807 τεναγώδης
321 718 341 803 ἡ
365 723 453 804 λίμνη
480 721 532 786 καλ
555 717 630 805 βατὴ
653 716 728 785 κατὰ
754 716 787 784 τὸ
809 726 962 802 πλεῖστον,
987 717 1026 798 άς
1049 720 1078 787 δ’
1101 723 1177 790 ἐπλτ

126 818 160 886 τὸ
183 817 261 885 πολύ
282 818 334 883 καλ
360 822 473 903 γίνεταί
496 845 542 898 τις
567 817 694 902 τοσαύτη
717 815 906 904 ἀποχώρησις
934 817 1006 884 καθ’
1036 818 1151 905 ἡμέραν

52 965 56 972 ·
126 919 177 983 ἐπὶ
206 920 308 1001 δείλην
331 914 433 999 ὀψίαν.
470 917 501 994 ἐξ
523 909 567 982 όν
590 915 851 1002 συλλογισάμενος,
880 915 925 984 ότι
951 917 1151 1002 καθικόμενος

127 1017 183 1100 μέν
200 1023 252 1100 τῆς
274 1017 414 1100 ἐπιβολῆς
437 1013 474 1081 οδ
498 1012 592 1099 μόνον
614 1012 725 1099 βλάψει
747 1012 817 1092 τοδς
845 1012 1054 1098 ὑπεναντίους,
1077 1007 1151 1082 ἄλλά

126 1115 178 1180 καί
200 1123 261 1192 τοῖς
280 1115 430 1198 σφετέροις
447 1110 600 1199 πράγμασι
618 1111 748 1197 μεγάλην
766 1115 904 1181 ἐπίδοσιν
922 1111 1150 1199 παρασκευάσει,

34 1277 38 1280 .
127 1210 279 1278 διαπεσόν
302 1213 335 1278 δὲ
357 1219 409 1295 τῆς
431 1212 620 1296 προθέσεως,
644 1209 689 1276 ότι
712 1210 836 1278 δύναται
860 1211 964 1290 σοόζειν
985 1210 1055 1290 τοὺς
1077 1210 1149 1279 ύπο·
1164 1238 1190 1278 ιο

126 1312 321 1395 ταττομένους
345 1308 395 1376 διὰ
419 1307 451 1376 τὸ
474 1317 737 1393 θαλαττοκρατεῖν,
764 1307 818 1375 ἐάν
846 1309 926 1389 άπαξ
954 1308 1151 1394 άσφαλίσηται

126 1408 182 1492 την
210 1411 435 1493 στρατοπεδείαν
471 1405 570 1493 (τοῦτο
604 1405 633 1472 δ’
667 1401 707 1490 ἦν
739 1405 853 1493 εὐχερές
886 1407 937 1474 διά
968 1407 1001 1475 τὸ
1033 1407 1150 1492 μακράν

7 1537 12 1564 ι
127 1504 389 1585 άπεσπάσθαιτδις
405 1512 465 1572 τόν
482 1501 667 1572 ύπεναντίοον
690 1502 864 1593 δυνάμεις),
890 1505 983 1584 ούτοος
1002 1504 1151 1592 άφέμενος

36 1596 41 1605 “
126 1611 187 1671 τοῖν
223 1604 320 1671 άλλοον
351 1605 419 1690 περὶ
449 1601 559 1688 ταύτην
592 1605 701 1689 ἐγίνετο
737 1601 793 1688 τὴν
824 1602 1018 1689 παρασκευὴν
1049 1607 1083 1670 ἐν
1114 1610 1149 1690 τῇ

127 1707 352 1791 παραχειμασίᾳ.
388 1700 429 1790 (0.
449 1700 494 1789 9.)
521 1703 571 1767 καλ
598 1699 708 1785 ταύτην
734 1704 810 1787 ἐχειν
837 1701 893 1786 τὴν
925 1699 1067 1786 ἐπιβολὴν
1099 1705 1148 1767 καὶ
1163 1727 1189 1770 ισ

126 1798 182 1884 τὴν
208 1796 343 1884 ἡλικίαν,
375 1798 416 1883 ἣν
443 1798 550 1885 άρτίιος
568 1795 660 1883 εἶπα,
690 1797 803 1878 πάντας
836 1799 1029 1884 ἀπεκρύψατο
1061 1803 1150 1885 χοορλς

127 1903 222 1966 Γαίου
246 1901 391 1981 Λαιλίου,
418 1899 500 1983 μέχρι
522 1895 612 1963 πάλιν
640 1893 729 1976 αύτδς
760 1900 856 1981 ἔκρινε
884 1896 1017 1984 φανερόν
1043 1905 1148 1964 ποιεῖν.

220 1995 342 2074 Τούτοις
365 1996 398 2061 δέ
426 2005 488 2073 τοῖς
516 1996 698 2082 έκλογισμοῖς
726 1991 938 2082 όμολογούντες
966 2000 998 2062 ολ
1022 2019 1149 2082 συγγρα-

127 2103 205 2179 φεῖς,
228 2092 300 2161 όταν
322 2094 370 2159 ἐπὶ
392 2091 424 2159 τὸ
442 2093 524 2172 τέλος
542 2093 652 2158 ἐλθοοσι
668 2099 720 2177 τῆς
741 2091 891 2177 πράξεως,
912 2090 968 2159 ούκ
987 2089 1046 2159 οἶδ’
1067 2091 1149 2169 ὅπως

128 2192 185 2262 ούκ
208 2197 249 2274 είς
271 2191 323 2259 τὸν
346 2191 443 2279 άνδρα
465 2193 515 2258 καί
543 2189 599 2275 τὴν
626 2190 732 2292 τούτου
759 2189 922 2276 πρόνοιαν,
950 2195 992 2270 είς
1019 2191 1052 2256 δέ
1079 2188 1148 2268 τούς
1162 2219 1189 2259 ιο

7 2290 13 2304 ’
126 2290 221 2370 θεούς
242 2293 293 2358 καλ
310 2290 365 2376 τὴν
382 2288 474 2376 τύχην
497 2287 683 2373 άναφέρουσι
700 2287 732 2356 τό
750 2288 873 2376 γεγονὸς
891 2288 1080 2378 κατόρθωμα,
1098 2290 1149 2353 καλ

126 2398 217 2458 ταῦτα
239 2391 327 2476 χοορίς
349 2396 410 2455 τόν
433 2386 554 2456 εἰκότων
578 2388 629 2453 κοιλ
650 2393 702 2469 τῆς
723 2394 783 2453 τῶν
806 2384 1054 2472 σνμβεβιοοκότοον
1077 2413 1148 2472 μαρ-

126 2493 228 2573 τυρίας
242 2490 300 2568 καλ
323 2485 374 2554 διά
395 2493 447 2572 τῆς
470 2487 624 2568 ἐπιστολῆς
646 2492 698 2568 τῆς
715 2483 790 2570 πρὸς
810 2490 961 2552 Φίλιππον
980 2485 1072 2552 αὐτοῦ
1094 2491 1148 2552 τοῦ

126 2591 265 2653 Ποπλίου
288 2593 392 2669 σαφῶς
415 2581 628 2666 ἐκτιθεικότος,
656 2580 701 2649 ότι
728 2581 843 2662 τούτοις
872 2592 934 2663 τοῖς
965 2585 1148 2670 ἐκλογισμοῖς
1221 2603 1225 2612 ’

126 2683 327 2771 χρησάμενος,
355 2681 401 2764 οἷς
426 2681 510 2770 ἡμεῖς
533 2679 683 2767 άνιότερον
701 2679 945 2768 ἐξελογισάμεθα,
963 2680 1098 2747 καθόλου
1116 2704 1146 2745 τε
1160 2707 1186 2749 ιε

126 2791 187 2862 τοῖς
219 2785 253 2848 ἐν
280 2780 395 2871 Ἰβηρίην
425 2779 594 2868 πράγμασιν
625 2777 793 2865 ἐπιβάλοιτο
820 2781 871 2845 καλ
898 2777 971 2846 κατά
1000 2781 1086 2863 μέρος
1112 2785 1147 2864 τῇ

126 2888 179 2965 τῆς
214 2879 412 2966 Καρχηδόνος
438 2884 602 2966 πολιορκίᾳ.
650 2880 689 2959 cs.
714 2899 740 2944 c.
759 2880 793 2957 2,
817 2883 918 2958 43ης.
948 2880 989 2941 12
1007 2899 1050 2958 sq.
1078 2880 1146 2941 δία.

7 3051 16 3078 ‚
126 2983 319 3058 XXV145,
341 2981 370 3043 9.

113 3211 158 3296 P.
170 3206 463 3346 CORNELIVS
484 3206 651 3296 SCIPIO
670 3203 862 3294 NISIOI
878 3204 1159 3294 OOROVLVM

524 3363 753 3423 TESTIMONIA

94 3475 126 3546 1.
149 3483 233 3546 Bello
252 3483 454 3545 Macedonico
476 3483 532 3544 sub
551 3481 678 3544 Aemilio
696 3481 794 3542 Paulo
818 3476 968 3555 interfuit,
991 3496 1050 3541 οοο.
1069 3479 1142 3540 162.

127 3571 192 3634 592
216 3580 246 3634 et
268 3571 338 3632 155.
363 3569 436 3632 599.
460 3587 569 3633 censor
591 3568 662 3630 159.
686 3567 760 3630 595.

947 3667 984 3721 8*
