2640 4052
458 235 686 292 nnsrrnoma
706 243 784 292 1-4.
877 211 906 250 ’·
1083 237 1125 301 41

110 394 311 466 praegrauant
334 403 368 446 ea
386 403 462 465 quae
480 393 552 447 sunt
570 402 673 446 rerum
690 393 842 463 gestarum
860 385 963 465 populi
980 385 1128 465 Romani]

110 477 143 536 in
167 482 275 556 quarto
299 481 399 536 antem
422 472 534 535 bellum
556 472 719 534 Poenicum
738 482 785 535 est
805 476 946 556 primum,
969 477 1001 536 in
1024 477 1128 555 quinto

111 562 288 626 secundum
325 570 414 641 atque
433 563 507 625 haec
526 564 624 624 omnia
643 562 827 642 capitulatim
848 573 920 625 sunt
938 564 1024 626 dicta.
1061 563 1129 625 reli·

111 670 231 734 quaque
250 651 327 713 bella
345 654 411 732 pari
430 650 518 713 modo
536 659 715 731 persecutus
733 661 780 713 est
797 671 893 733 usque
908 653 943 714 ad
958 661 1130 732 praeturam

112 741 213 804 Seruii
235 740 353 821 Galbae,
376 743 429 821 qui
452 740 576 820 diripuit
594 740 761 802 Lusitanos.
797 739 1157 821 [cflsr.106—108.]5

112 839 201 911 atque
220 829 329 891 horum
347 828 495 890 bellorum
514 830 606 891 duces
624 848 684 891 non
703 831 867 892 nominauit
886 831 938 892 sed
958 833 1022 892 sine
1036 834 1130 892 nomi·

111 919 202 981 nibus
226 937 276 980 res
299 921 423 980 notauit
462 917 515 997 [cs.
539 920 617 980 Ptin.
648 919 730 981 VIII
743 919 782 979 11
805 918 890 1002 Cato,
913 938 981 982 cum
1004 922 1130 1000 impera·

111 1017 213 1070 torum
227 1010 349 1069 nomina
361 1007 517 1068 annalibus
532 1008 703 1089 detraxerit,
718 1016 748 1069 et
763 1027 790 1088 q.
806 1027 829 1070 s.
840 1007 884 1085 [ν.
898 1009 963 1086 88]
989 1011 1021 1071 in
1035 1009 1130 1070 isdem

112 1099 260 1179 exposuit,
284 1116 359 1177 quae
383 1099 414 1157 in
437 1095 520 1157 ltalia
542 1095 743 1177 Hispaniaque
769 1105 822 1159 aut
843 1098 951 1159 fierent
974 1106 1025 1160 aut
1048 1098 1130 1159 uidc-

111 1193 218 1248 rentur
241 1185 422 1247 admiranda.
467 1185 626 1265 inquibus
649 1186 742 1248 multa
760 1187 909 1248 industria
926 1194 958 1247 et
979 1186 1171 1266 diligentiam

113 1283 267 1355 comparet
299 1273 353 1352 [cs.
377 1275 437 1336 Cic.
457 1277 496 1336 de
514 1282 592 1337 orat.
612 1275 739 1352 11133,
758 1276 820 1336 135
849 1276 978 1355 denique
1001 1275 1075 1336 nibil
1099 1277 1130 1336 in

111 1364 168 1426 bac
192 1365 314 1425 ciuitate
337 1362 524 1444 temporibus
545 1362 605 1424 illis
629 1366 700 1424 sciri
723 1365 838 1426 disciue
857 1367 963 1446 potnit,
983 1365 1062 1444 quod
1081 1364 1131 1425 ille

112 1472 173 1514 non
202 1471 272 1514 cum
298 1454 488 1530 inuestigarit
515 1459 546 1512 et
569 1453 686 1534 scierit,
709 1460 774 1514 tum
796 1456 885 1514 etiam
908 1456 1131 1534 conscripserit,

117 1543 206 1605 Corn.
224 1543 296 1619 Nep.
316 1542 416 1602 Cot3
439 1539 786 1620 Quarumllitterorum]
803 1542 935 1604 studium
955 1545 1013 1604 etsi
1031 1545 1131 1604 senior

113 1633 297 1712 arripuerat,
319 1637 419 1691 tamen
442 1637 559 1691 tantum
581 1647 773 1709 progressum
798 1631 880 1712 iecit,
905 1639 939 1692 ut
960 1649 1020 1692 non
1044 1631 1172 1692 lacile1⁵

112 1721 243 1799 reperiri
264 1721 362 1799 possit
383 1736 481 1799 neque
508 1718 544 1779 de
568 1717 689 1779 Graecis
715 1738 814 1800 neque
838 1720 875 1780 de
898 1719 1008 1782 Italicis
1031 1720 1131 1800 rebus,

114 1809 194 1889 quod
213 1811 243 1869 ei
262 1807 354 1870 fuerit
372 1808 566 1888 incognitum,
585 1808 708 1887 Dionys.
721 1808 763 1885 fr.
780 1809 858 1869 6=
874 1809 966 1870 testi
986 1817 1016 1871 et
1030 1808 1073 1887 fr.
1087 1809 1132 1870 17

113 1899 252 1986 ἐπιμελὴς
270 1904 337 1986 περὶ
354 1901 410 1985 τὴν
428 1900 606 1989 συναγωγὴν
623 1910 675 1987 τῆς
694 1898 981 1989 ἆρχαιολωγουμένης
994 1907 1132 1987 ἱστορίας,

120 2003 221 2064 Vellei.
233 2001 276 2078 fr.
294 2001 339 2062 69
367 2019 422 2080 ego
449 2021 523 2082 pace
550 2002 721 2082 diligentiae
750 2002 869 2064 Catonis
893 2004 1033 2083 dixerim,
1058 2006 1130 2067 dell.

118 2091 251 2167 1128,5
282 2089 320 2151 bl.
341 2090 426 2171 Cato,
450 2094 499 2152 uir
516 2094 547 2152 in
566 2092 782 2172 cognoscendis
807 2093 898 2153 rebus
921 2092 1009 2153 multi
1031 2093 1131 2175 studii,
1146 2117 1173 2157 eo

115 2181 208 2242 Solia.
223 2179 285 2255 2,2
295 2199 326 2257 p.
335 2180 380 2241 33
395 2181 436 2240 M.
461 2179 520 2241 Sed
538 2179 621 2241 ltalia
639 2190 722 2243 tanta
739 2200 812 2242 cura
831 2180 868 2243 ab
887 2180 1026 2243 omnibus
1044 2181 1132 2264 dicta,

114 2270 276 2348 praecipue
303 2267 342 2329 bl.
365 2267 490 2350 Catone,
513 2277 548 2330 ut
569 2272 626 2330 iam
651 2272 781 2332 inueniri
803 2289 863 2331 non
887 2273 938 2351 sit,
969 2272 1049 2350 quod
1072 2289 1132 2332 non

115 2365 254 2418 ueterum
279 2365 436 2419 auctorum
459 2361 695 2438 praesumpserit
713 2359 875 2440 diligentia,
894 2361 982 2421 Seru.
1002 2362 1046 2422 ad
1057 2361 1131 2422 Aen.

123 2446 188 2506 VII
198 2443 263 2508 678
287 2445 330 2506 Ile
349 2445 460 2508 ltalicis
475 2449 564 2508 etiam
578 2446 706 2509 urbibus
720 2447 854 2528 Hyginus
872 2448 1045 2528 plenissime
1060 2450 1132 2510 seri-

114 2537 175 2614 psit
199 2542 230 2596 et
252 2533 323 2595 Cato
351 2537 383 2595 in
412 2534 586 2614 originibus.
621 2537 663 2614 fr.
686 2536 730 2597 62
753 2537 856 2617 pulsus
881 2538 979 2598 inerat
1004 2556 1020 2598 a
1043 2546 1132 2616 gente
1146 2558 1172 2601 rs

114 2622 300 2703 Volscorum,
312 2641 392 2703 quae
407 2626 496 2686 etiam
510 2627 574 2704 ipsa
588 2624 785 2687 Etruscorum
800 2633 947 2707 potestate
964 2625 1133 2709 regebatur,

115 2711 197 2793 qnod
221 2710 292 2772 Cato
315 2712 489 2792 plenissime
512 2721 657 2775 executus
681 2713 764 2796 est.],
787 2714 868 2776 nulla
891 2715 1035 2776 doctrina.

80 2795 114 2863 3.
142 2803 217 2862 Coto
232 2804 309 2876 orig.
321 2801 363 2878 fr.
382 2801 428 2860 77
451 2801 516 2862 Non
535 2801 781 2884 lubet-seribere,
799 2804 879 2883 quod
894 2805 927 2865 in
940 2802 1040 2864 tabula
1055 2803 1133 2883 apud

115 2889 288 2970 pontificem
311 2891 473 2950 maximum
497 2899 556 2970 est,
580 2894 717 2971 quotiens
740 2911 856 2953 annona
884 2909 965 2973 cara,
994 2894 1133 2971 quotiens

114 2979 204 3040 lunae
228 2985 279 3038 aut
302 2977 373 3039 solis
396 2977 509 3040 lumine
532 2979 626 3058 caligo
650 2989 701 3042 aut
724 2981 797 3062 quid
820 2981 979 3043 obstiterit.
1147 3003 1174 3044 ao

79 3063 114 3129 4.
138 3069 201 3128 uid.
212 3066 255 3142 fr.
270 3067 338 3127 118.
354 3067 405 3128 23.
421 3099 463 3110 -
486 3067 553 3129 Liar.
567 3069 741 3131 XXXIII!
749 3071 799 3146 15,
815 3070 837 3130 9
863 3069 934 3131 Cato
953 3071 1030 3150 ipse,
1054 3068 1135 3130 hand

116 3173 187 3216 sane
212 3154 393 3217 detractator
416 3155 538 3217 laudum
561 3174 684 3218 suarum
703 3154 760 3238 (fr.
777 3153 843 3242 92).
878 3160 985 3235 Appul.
1002 3160 1040 3220 de
1055 3176 1133 3234 mog.

116 3238 434 3325 c.17(p.3810rd.)
456 3244 495 3306 M.
514 3252 613 3306 autem
632 3245 796 3308 Catonihil
815 3254 958 3326 oppertus
976 3256 1011 3307 ut
1029 3247 1079 3308 alii
1098 3247 1134 3309 de

116 3351 149 3393 se
162 3332 380 3413 praedicarent,
399 3335 510 3411 ipsein
529 3336 662 3396 oratione
681 3354 734 3396 sua
754 3339 899 3415 scriptum
917 3335 1048 3415 reliquit,
1066 3353 1135 3396 cnm

116 3424 147 3482 in
157 3420 332 3500 Hispaniam
347 3421 452 3482 consul
465 3422 715 3505 proficisceretur,
725 3427 781 3485 tris
797 3443 901 3486 seruos
917 3423 995 3485 solos
1010 3443 1045 3485 ex
1060 3422 1175 3486 urbest

116 3519 239 3581 duxisse
264 3526 294 3580 et
307 3537 334 3594 q.
348 3539 371 3581 c.
405 3522 484 3582 Prot.
507 3521 571 3581 Cot.
589 3521 632 3579 14
659 3514 693 3582 Ὁ
711 3517 744 3582 δὲ
761 3516 870 3584 Κάτων
889 3515 936 3584 ἀεὶ
953 3518 1007 3599 μέν
1024 3543 1067 3594 τις
1084 3511 1136 3600 ἦν,

117 3612 157 3693 ὥς
185 3616 278 3695 ἔοικε,
301 3619 360 3678 τῶν
383 3617 470 3679 ίδίων
497 3616 651 3699 ἐγκωμίων
682 3611 810 3698 ἀφειδὴς
837 3616 888 3680 καί
914 3612 969 3697 τὴν
996 3613 1135 3699 ἄντικρυς
