2670 4058
166 239 231 304 102
476 239 507 295 L.
527 235 648 293 coemi
665 235 865 294 ANFIPATRI

166 389 285 467 signum
302 386 383 448 louis
402 386 530 447 Statoris
549 389 613 449 sinc
632 405 720 449 causa
740 396 863 468 repente
881 389 1021 471 concidit,
1040 407 1095 451 nec
1117 407 1181 451 eam

165 495 230 538 rem
253 475 358 538 hahuit
379 474 531 557 religioni,
554 475 671 538 obiecto
695 479 795 556 siguo,
825 488 858 539 ut
880 480 985 557 peritis
1013 478 1181 559 uidebatur,

165 583 202 627 ne
222 567 424 630 committeret
441 565 596 645 proelium.
633 565 802 628 idumeum
820 567 953 646 tripudio
967 570 1182 648 auspicaretur,

164 654 399 734 pullariusdiem
410 654 516 735 proelii
526 655 730 718 committendi
744 655 908 724 differebat.
941 661 1005 720 tum
1019 657 1181 718 Flaminius

165 764 201 808 ea
221 763 256 806 eo
276 745 434 825 qrraeaiuit,
451 746 479 806 si
496 762 534 806 ne
551 751 654 823 postea
669 744 790 824 quidem
803 745 877 824 pulli
891 753 1094 828 pascerentur,
1109 747 1181 826 quid
1195 761 1208 802 s
1322 796 1324 802 ,

165 833 334 898 iaciendum
362 841 507 900 censeret
554 851 623 896 cum
651 833 699 896 ille
728 835 943 914 quiescendum
968 835 1181 916 respondisset,

165 922 342 984 Flaminius:
366 918 534 984 ‘Praeclara
557 941 630 984 uero
654 923 800 1005 auspicia,
824 923 1071 988 siesurientihus
1090 923 1180 1003 pullis

164 1031 214 1074 res
237 1014 302 1092 geri
323 1013 447 1092 poterit,
471 1014 580 1074 saturis
604 1010 678 1077 nihii
701 1007 844 1091 geretur’.
880 1012 983 1092 ltaque
1007 1014 1090 1092 signa
1112 1031 1180 1074 con·

164 1101 235 1166 uelli
257 1108 289 1164 et
311 1119 344 1164 se
368 1103 454 1182 sequi
475 1103 572 1166 iussit
616 1120 675 1181 quo
694 1108 829 1180 tempore
851 1119 921 1164 cum
945 1101 1069 1181 signiter
1091 1103 1181 1184 primi
1323 1157 1324 1172 ,

163 1191 272 1252 hastati
290 1193 408 1270 signum
426 1209 486 1252 non
500 1198 603 1271 posset
619 1207 742 1251 mouere
762 1190 840 1270 ioco,
859 1208 914 1251 nec
934 1192 1093 1272 quicquam
1112 1209 1220 1270 pro-10
1324 1183 1325 1192 ’

162 1281 318 1361 liceretur,
345 1279 448 1361 plures
476 1297 545 1344 cum
573 1279 763 1359 accederent,
793 1278 956 1344 Flaminius
984 1298 1017 1342 re
1045 1282 1180 1342 nuntiata

163 1387 218 1432 suo
241 1387 326 1432 more
348 1367 487 1449 neglexit.
524 1371 625 1449 itaque
649 1367 747 1432 trihus
770 1369 808 1430 iis
830 1368 913 1432 horis
935 1370 1074 1432 concisus
1096 1387 1180 1432 erer-

164 1461 243 1524 oitus
266 1467 356 1537 atqua
373 1461 439 1539 ipse
456 1457 635 1522 interiectus
653 1465 707 1520 est.
748 1456 890 1538 Magnum
907 1456 981 1520 illud
995 1459 1085 1522 ctiam
1099 1459 1180 1538 quod

86 1615 90 1624 ,
164 1548 278 1612 addidit
304 1547 436 1628 Coelium
464 1566 501 1612 eo
527 1555 662 1626 tempore
689 1548 768 1626 ipso,
796 1565 866 1611 cum
895 1546 952 1610 hoc
976 1546 1181 1610 adunitosum

109 1649 111 1656 ’
163 1637 311 1717 proelium
332 1637 432 1718 tieret,
460 1643 558 1700 tantos
587 1643 685 1698 terrae
711 1644 811 1698 motus
834 1637 866 1698 iu
889 1635 1063 1718 Liguribus,
1087 1636 1180 1700 Gallia
1194 1655 1220 1696 1⁵

162 1726 427 1807 compluribusque
455 1724 560 1787 insulis
588 1733 709 1804 totaque
739 1726 770 1786 in
801 1723 882 1786 ltalia
913 1724 1008 1788 iactes
1038 1744 1117 1807 esse,
1147 1733 1181 1788 ut

163 1816 256 1878 murita
286 1816 394 1896 oppida
425 1815 612 1895 conruerint,
643 1813 745 1876 multis
773 1813 849 1878 iocis
877 1813 959 1878 labes
986 1816 1080 1878 iactae
1112 1816 1180 1894 sint,

161 1912 320 1985 terraeque
330 1904 502 1967 desederint
515 1903 696 1984 dominaque
711 1905 742 1964 in
756 1906 921 1969 contrarias
931 1904 1180 1983 partesilurarint

100 2002 252 2096 21⁷atque
275 1996 307 2056 in
330 2011 431 2057 amnes
454 2011 536 2059 maro
559 1992 720 2061 influxerit.

99 2117 154 2128 —
253 2078 297 2146 21
305 2082 338 2146 *.
361 2083 428 2146 Liu.
442 2083 548 2146 XXII
556 2083 641 2157 31,8
660 2079 802 2150 Omnium
814 2101 911 2162 prope
923 2082 1043 2149 annales
1055 2081 1179 2152 Fabium
1193 2101 1220 2142 n

101 2136 152 2210 ⁵³⁷
163 2173 339 2236 dictatorem
348 2169 495 2236 aduersus
502 2170 699 2236 Hannibalem
708 2175 908 2251 remqessisse
917 2172 1047 2253 uadunt,
1061 2171 1179 2234 Coelius

162 2265 253 2434 {tiliam
273 2280 344 2410 ἓυιέ
371 2262 502 2431 pri)roum
530 2279 547 2322 a
575 2260 684 2341 populo
708 2270 842 2328 creatum
866 2261 1043 2333 dictatorem
1065 2259 1179 2326 scribit.

179 2369 259 2414 c.c.
295 2397 303 2423 ,
352 2367 413 2430 sqq.
1239 2370 1243 2380 ·

252 2433 308 2501 22.
338 2439 490 2500 Priscian.
510 2440 566 2500 III
580 2458 610 2517 p.
631 2438 673 2505 98
691 2441 728 2501 II.
762 2439 878 2503 Caelius
905 2441 936 2500 in
963 2440 1060 2516 primo
1087 2436 1179 2500 histo·

162 2530 287 2590 riarum:
310 2527 462 2592 uesanos
485 2529 516 2590 io
539 2527 653 2592 deruis
676 2536 761 2593 scuta
784 2528 868 2592 iubet
890 2526 1009 2590 hahere.
1033 2520 1088 2608 (cf.
1109 2526 1176 2586 Liu.
1192 2543 1218 2584 ss

162 2617 268 2682 XXII
277 2618 332 2694 50,
346 2611 408 2699 11.)

253 2701 312 2770 23.
337 2708 448 2782 Noas,
464 2706 808 2786 u.sinauluthnp.17d
831 2704 949 2769 Coelius
967 2702 1067 2770 annali
1084 2701 1135 2767 lib.
1152 2699 1179 2765 1:

164 2794 298 2860 Primum
320 2793 397 2860 maio
421 2793 541 2876 publico
564 2797 674 2876 gratias
697 2794 868 2874 singulatim
890 2793 1017 2857 nomina.

253 2878 312 2948 24.
340 2886 459 2950 cnoro
474 2886 549 2964 IIp.
559 2885 626 2946 217
637 2887 676 2949 K.
700 2882 818 2946 Coelius
832 2882 1024 2958 historiarum
1039 2879 1065 2944 1:
1083 2876 1178 2945 ‘Gom-

163 2973 285 3036 modum
309 2982 367 3057 est,
391 2974 463 3039 satis
485 2968 627 3039 uidetur'.
669 2971 730 3034 Nec
754 2973 834 3036 cuim
857 2988 912 3050 pro
936 2971 1111 3050 euticieuti,
1136 2973 1179 3031 in·
1194 2989 1220 3030 ao

165 3063 230 3144 quit
253 3059 377 3143 Paulus,
400 3065 497 3146 accipi
519 3063 620 3142 debet,
643 3060 697 3124 sed
720 3078 775 3140 pro
798 3061 864 3144 pari
887 3067 918 3121 et
941 3077 1046 3146 aequo.

102 3330 155 3378 2¹6
547 3249 602 3308 EX
625 3247 750 3308 LIBRO
770 3249 797 3306 11

101 3399 156 3409 ·-
255 3360 314 3429 25.
341 3369 412 3428 dell.
428 3367 462 3426 Χ
472 3364 563 3438 24,6
586 3361 726 3443 Suppetit
744 3363 834 3424 edam
852 3362 1024 3424 Coelianum
1046 3357 1119 3420 iilud
1143 3375 1180 3419 ex

103 3417 242 3518 538libro
265 3455 458 3518 historiarum
482 3452 628 3516 secundo:
652 3451 684 3513 Si
703 3453 751 3514 uis
770 3452 844 3517 mihi
866 3451 1032 3531 equitatum
1054 3447 1126 3510 dare
1150 3455 1181 3508 et

165 3546 229 3623 ipse
252 3563 321 3607 cum
342 3542 450 3627 {cetero
471 3544 614 3604 ⁴exercitu
641 3559 689 3602 me
717 3545 815 3622 sequi,
838 3539 986 3620 diequinti
1012 3537 1123 3616 Romae
1149 3537 1180 3596 io

166 3632 343 3714 Capitolium
367 3631 478 3697 curabo
495 3631 552 3694 tibi
570 3649 642 3694 cena
662 3633 701 3692 sit
720 3640 812 3692 cocta.
850 3629 888 3689 lit
906 3628 1061 3690 historiam
1081 3634 1180 3688 autem
1194 3643 1220 3688 ss
