2670 4058
492 179 749 300 solomitis
766 247 810 298 45.
1098 244 1162 310 167

150 391 292 454 tribunus
309 390 406 471 plebis
424 391 461 453 Μ.
475 390 615 473 Naeuius,
633 392 779 454 aduersus
798 411 888 473 quem
905 395 1001 455 oratio
1018 396 1163 475 inscripta

145 480 178 542 P.
192 481 324 542 lllrioani
342 479 410 559 est]
434 482 484 542 uir
500 481 702 543 memorabilis
721 481 836 544 bellicis
854 491 954 544 umen
972 501 1061 562 quam
1079 485 1162 563 pacis

145 569 262 632 artibus
284 569 506 632 memorabilior
532 577 564 632 et
584 575 735 634 idostrior
755 573 853 651 prima
874 589 944 652 pars
967 575 1047 634 uitae
1071 591 1161 652 quam
1179 584 1209 621 111

143 667 297 739 postrema
320 660 389 740 init,
413 662 483 739 quia
508 661 541 721 in
569 662 691 722 iuuenta
718 659 795 722 bella
821 661 945 723 adsidue
972 669 1069 742 gesta,
1092 681 1162 724 oum

144 756 266 810 senecta
288 766 339 810 res
366 767 486 829 quoque
509 749 690 830 defloruere,
717 767 774 810 nec
801 750 935 829 praebita
963 758 1009 811 est
1033 753 1188 813 materiae

143 839 273 917 ingenio.
310 838 382 918 quid
406 839 442 898 ad
465 840 597 918 primum
619 839 806 900 consulatum
829 839 994 919 secundus,
1017 842 1107 902 etiarn
1134 843 1162 901 si

143 945 303 989 censuram
325 925 458 988 adicias?
481 928 552 1007 quid
575 927 704 990 Asiatica
727 927 844 1009 legatio,
866 936 897 990 et
919 928 1091 990 ualetudine
1111 930 1161 990 ad-

142 1033 234 1078 uersa
252 1015 368 1078 inutilis
386 1026 418 1078 et
436 1016 489 1078 fibi
508 1035 579 1078 casn
597 1017 760 1078 deformata
779 1024 810 1078 et
827 1024 895 1098 post
913 1017 1045 1080 reditum
1058 1035 1160 1080 neces-

143 1107 232 1166 sitate
250 1113 304 1167 aut
321 1105 471 1167 subeundi
487 1106 592 1168 iudicii
609 1114 661 1168 aut
679 1105 770 1167 simul
784 1125 853 1168 cum
871 1109 966 1186 patria
980 1103 1161 1169 deserendi?

141 1193 250 1255 Punici
274 1202 376 1256 tamen
403 1194 474 1256 belli
501 1197 679 1276 perpetrati,
706 1213 767 1275 quo
793 1195 910 1256 nullum
936 1213 1034 1275 neque
1064 1197 1159 1256 mains
1174 1216 1200 1257 ro

142 1301 242 1363 neque
265 1284 463 1364 periculosius
485 1283 612 1346 Romani
634 1303 764 1366 gessere,
787 1303 866 1346 unus
888 1287 1081 1364 praecipuam
1099 1284 1159 1364 glo·

142 1374 219 1433 riam
242 1373 319 1434 tulit

232 1481 274 1572 (c.
288 1484 357 1573 54.)
388 1487 482 1551 Morte
515 1489 646 1551 Africani
678 1507 802 1551 creuere
834 1491 1026 1551 inimicorum
1058 1491 1158 1571 animi,
1176 1515 1196 1552 n

142 1595 271 1657 quorum
293 1580 434 1659 princeps
462 1580 520 1640 luit
542 1577 581 1639 ll.
603 1577 728 1641 Porcius
752 1577 837 1661 Cato,
861 1580 914 1659 qui
940 1582 1012 1640 uino
1041 1597 1159 1659 quoque

141 1684 178 1726 eo
202 1665 348 1728 adlatrare
371 1668 606 1748 magnitudinem
629 1669 694 1729 eius
717 1667 823 1729 solitus
846 1676 918 1729 erat.
956 1667 1013 1730 boc
1036 1676 1158 1730 auctore
1173 1687 1200 1729 rs

141 1757 350 1817 existimantur
363 1755 473 1818 Petillii
487 1767 517 1818 et
530 1759 602 1818 uiuo
616 1757 756 1818 Africano
769 1775 834 1818 rem
847 1757 977 1836 ingressi
995 1764 1026 1818 et
1039 1762 1159 1819 mortuo

134 1847 326 1924 rogationem
350 1846 563 1926 promulgasse.
600 1847 657 1908 luit
676 1851 776 1907 autem
799 1849 914 1926 rogatio
937 1845 1018 1908 talis:
1042 1841 1158 1908 ‘Velitis

141 1932 282 2016 lubeatis,
306 1933 451 2014 Quirites,
475 1953 551 2016 quae
579 1937 707 2015 pecunia
734 1941 833 2016 capta,
860 1933 968 2015 ablata,
992 1944 1094 1996 coacta
1121 1935 1158 1996 ab

141 2041 211 2103 rege
231 2022 377 2085 Antiocho
401 2031 447 2085 est
470 2027 582 2104 quique
601 2022 658 2085 snb
680 2025 807 2103 imperio
830 2025 895 2085 eius
919 2023 1054 2104 luerunt,
1077 2024 1158 2103 quod

141 2114 207 2174 eius
229 2115 262 2173 in
284 2110 437 2194 publicum
461 2111 589 2174 relatum
611 2131 672 2173 non
695 2121 749 2193 eet,
773 2115 818 2174 uti
837 2113 874 2174 de
894 2131 928 2174 ea
946 2131 979 2173 re
999 2111 1063 2173 Ser.
1092 2111 1157 2173 Sul·
1170 2134 1198 2174 so

139 2203 238 2282 picius
260 2208 382 2281 praetor
399 2201 533 2264 urbanus
551 2201 587 2263 ad
608 2209 743 2263 senatum
762 2202 882 2282 referat,
901 2220 991 2281 quem
1009 2201 1158 2262 semrom

140 2290 215 2352 uelit
238 2299 359 2352 senatus
383 2309 528 2371 quaerere
552 2291 588 2352 de
615 2293 667 2372 iis,
696 2293 747 2371 qui
774 2298 929 2370 praetores
956 2308 1037 2352 nunc
1065 2286 1192 2352 sunt'o

139 2380 211 2441 bulc
233 2381 382 2460 rogationi
399 2383 496 2459 primo
515 2379 549 2450 Q.
568 2388 599 2442 ct
617 2379 649 2441 L.
664 2378 799 2442 Mummii
818 2379 1052 2460 intercedebant,
1071 2397 1155 2440 sena·

139 2475 206 2530 tum
229 2487 373 2548 quaerere
396 2469 433 2530 de
456 2471 583 2549 pecunia
606 2486 666 2530 non
689 2467 783 2529 relata
804 2471 836 2530 in
863 2467 1031 2550 publicum,
1054 2471 1095 2531 ita
1122 2477 1157 2530 ut

140 2565 227 2619 antea
259 2576 378 2638 semper
409 2559 522 2620 lactum
548 2565 640 2639 esset,
670 2575 799 2637 aequum
831 2555 1001 2619 censebant.
1047 2556 1197 2620 Petillii²⁵

139 2645 325 2709 nobilitatem
354 2655 385 2708 et
411 2665 538 2727 regnum
568 2649 599 2708 in
629 2655 736 2707 senatu
765 2646 939 2725 Scipionum
967 2645 1156 2708 accusabant.

139 2735 172 2796 L.
186 2734 296 2797 Furius
310 2735 461 2816 Purpurio
480 2736 655 2815 consularis,
674 2738 727 2815 qui
744 2737 776 2796 iu
795 2735 899 2796 decem
917 2735 1023 2814 legatis
1040 2737 1072 2795 in
1086 2736 1157 2796 lisia

139 2825 250 2907 luerat,
273 2823 362 2886 latius
384 2825 549 2904 rogandum
573 2823 727 2906 censebat,
758 2841 818 2885 non
846 2842 922 2903 quae
950 2823 987 2884 ab
1010 2824 1156 2884 Antiocho

140 2914 228 2974 modo
245 2916 391 2994 pecuniae
409 2923 512 2994 captae
526 2915 634 2995 lorent,
648 2914 701 2974 sed
715 2932 791 2993 quae
805 2912 843 2974 ab
862 2912 927 2974 eliis
945 2910 1068 2992 regibus
1086 2930 1155 2991 gen-

139 3001 294 3084 tibusque,
317 3003 369 3064 Cn.
392 3001 534 3066 llanlium
556 3005 713 3065 inimicum
736 3004 899 3064 incessens.
936 3009 967 3062 et
989 3001 1021 3062 L.
1045 3001 1155 3082 Scipio,
1169 3013 1207 3080 ao

139 3109 229 3172 quem
251 3095 347 3171 magu
369 3109 424 3172 pro
452 3111 484 3154 se
512 3111 601 3172 qnam
628 3092 774 3154 aduersus
802 3091 897 3171 legem
924 3090 1077 3152 dicturum
1104 3090 1191 3156 adl)

139 3180 270 3262 parebat,
293 3181 446 3243 dissuasor
468 3183 624 3261 processit
661 3183 689 3242 is
712 3189 808 3242 morte
830 3181 863 3242 P.
886 3180 1018 3241 Africani
1043 3179 1154 3260 fratris,

138 3271 198 3330 uiri
220 3272 355 3332 omnium
377 3270 532 3332 fortissimi
560 3270 790 3351 clarissimique,
818 3288 882 3330 eam
911 3276 1045 3330 exortam
1071 3285 1155 3347 roga·

137 3359 251 3420 tionem
269 3367 316 3420 est
334 3367 526 3439 conquestus.
551 3377 658 3439 parum
676 3361 757 3420 enim
775 3360 867 3420 luisse
886 3376 948 3419 non
966 3357 1081 3420 laudari
1098 3376 1153 3437 pro

137 3450 246 3509 rostris
265 3447 295 3508 P.
314 3449 487 3510 Africanum
509 3457 577 3528 post
599 3458 741 3528 mortem,
764 3449 823 3510 nisi
840 3449 930 3508 etiam
953 3453 1154 3508 accusaretur.
1168 3460 1195 3502 aa

138 3544 169 3597 et
191 3535 452 3616 Carthaginienses
475 3537 563 3598 exilio
586 3535 760 3598 Hannibalis
781 3543 940 3597 contentos
963 3554 1039 3616 esse,
1061 3553 1155 3615 popu·

138 3624 200 3686 lum
217 3625 385 3688 Romanum
401 3645 440 3688 ne
459 3635 556 3688 morte
575 3626 697 3706 quidem
714 3625 747 3686 P.
762 3625 910 3705 Scipionis
929 3626 1076 3705 exsatiari,
1094 3625 1154 3684 nisi
