2640 4052
198 223 240 290 12
444 181 466 225 ‘
537 223 568 290 ο.
587 181 685 277 mn
702 205 869 277 Ρλστοιωο

74 405 78 414 ·
196 377 256 437 τῶν
282 370 428 455 κωμητῶν
455 367 655 454 πορευόμενος
682 371 724 445 είς
745 394 773 432 τι
802 370 911 452 χωρίον
933 370 1083 432 Καινίναν
1105 364 1214 452 ὄνομα·

197 467 322 556 ξάμενον
349 467 413 554 ίερδι
440 461 577 550 ποιήσων
604 462 679 550 ὑπὲρ
700 471 754 532 τοῦ
779 472 884 531 κοινοῦ
906 463 1026 550 πάτρια·
1044 463 1157 549 Ῥῶμος
1180 466 1214 531 δέ

196 565 251 651 τήν
280 569 393 649 ἔφοδον
423 564 522 632 αὑτῶν
552 562 732 648 αἰσθόμενος
761 558 917 648 ἐξεβοήθει
944 561 1046 647 λαβῶν
1073 562 1109 630 τδι
1137 564 1215 631 δπλα

198 665 360 750 διαταχέων
387 661 505 750 ὀλίγους
532 669 592 728 τῶν
615 663 648 727 ἐκ
674 667 726 745 τῆς
752 659 854 746 κῶμης
880 658 1058 744 φθάσαντας
1083 660 1155 728 καθ’
1176 667 1215 730 ἓν
1304 707 1305 732 ι

196 764 337 848 γενέσθω
353 759 544 846 παραλαβῶν.
580 757 713 826 κάκεῖνοι
731 757 768 826 οὑ
787 760 922 845 δέχονται
939 757 1030 826 αὑτὸν
1048 758 1122 826 άλλδι
1139 760 1242 843 φεύ-ε
1303 750 1306 802 λ

196 882 302 946 γουσιν
331 857 515 945 ὑπαγόμενοι
549 861 626 925 ἔνθα
655 861 776 942 ἔμελλον
806 858 840 924 ἐν
868 866 948 950 καλῶ
976 856 1215 944 ὑποστρέψαντες

198 955 406 1041 ἐπιθήσεσθαι.
452 954 469 1024 ὑ
493 957 526 1022 δέ
546 955 657 1041 Ῥῶμος
684 957 747 1023 κατ’
769 951 899 1043 ’άγνοιαν
925 965 978 1025 τοῦ
1006 957 1215 1042 μηχανήματος

197 1051 267 1141 άχρι
297 1064 408 1122 πολλοῦ
439 1052 558 1121 διῶκων
591 1051 701 1133 αότοὺς
729 1054 920 1141 παραλλάττει
948 1054 980 1122 τδ
1010 1057 1215 1141 λελοχισμένον

198 1159 322 1240 χωρίον,
350 1152 407 1220 κάν
434 1153 527 1243 τοότηο
556 1152 574 1220 ὑ
600 1179 629 1218 τε
656 1152 743 1239 λόχος
765 1155 910 1222 ἐνίσταται
931 1156 982 1219 καλ
1004 1159 1036 1220 οῖ
1055 1153 1216 1240 φεόγοντες

197 1251 427 1338 ὑποστρέφουσι.
471 1249 694 1335 κυκλωσάμενοι
721 1252 754 1317 δέ
777 1250 886 1330 αὑτοὺς
912 1254 963 1316 καλ
985 1260 1104 1329 πολλοῖς
1126 1249 1213 1337 άράτ-
1229 1280 1256 1322 ιο

197 1376 295 1427 τοντες
322 1354 420 1427 λίθοις
447 1346 652 1434 λαμβάνουσιν
679 1347 876 1436 ὑποχειρίους.
919 1347 1029 1432 ταύτην
1056 1346 1112 1434 γάρ
1135 1345 1216 1434 εἶχον

198 1451 231 1514 έκ
253 1455 313 1514 τῶν
331 1453 483 1515 δεσποτῶν
499 1447 554 1532 τήν
572 1449 795 1534 παρακέλευσιν,
814 1453 924 1526 ζῶντας
941 1445 1043 1524 αὑτοῖς
1060 1445 1130 1524 τοὺς
1148 1473 1214 1513 νεα·
1307 1381 1310 1510 λ

198 1550 319 1625 νίσκους
342 1553 468 1630 κομίσαι.
510 1545 587 1614 οὑτω
611 1547 665 1630 μέν
684 1544 722 1630 δή
741 1548 895 1631 χειρωθελς
913 1542 1055 1630 ὑῬῶμος
1077 1539 1216 1630 άπήγετο.
1308 1523 1311 1604 λ

199 1648 361 1728 [Sequitur
383 1651 448 1711 Ατί.
475 1650 582 1711 ῖλιδεν.
602 1649 646 1726 sr.
669 1647 713 1726 3.]

290 1741 372 1830 (cap.
385 1741 447 1830 80)
465 1740 499 1808 ‘0
522 1743 576 1826 μέν
598 1737 655 1809 οὑν
672 1741 783 1825 Ῥῶμος
805 1742 854 1806 ἐπλ
874 1750 936 1818 τοῖς
958 1746 1109 1826 πολεμίοις
1130 1742 1212 1828 γενό-
1228 1768 1255 1812 ιε

199 1867 287 1926 μενος
316 1841 425 1924 οὑτως,
452 1840 526 1923 εἷθ’,
550 1838 590 1919 ῶς
617 1838 633 1907 ὑ
662 1836 777 1923 Φάβιος
803 1839 1011 1923 παραδέδωκε,
1034 1840 1152 1923 δέσμας
1174 1843 1216 1920 είς

198 1937 254 2024 τήν
263 1939 377 2025 ’Ἄλβαν
390 1937 528 2025 άιωήγετο.
559 1935 706 2021 Ῥωμόλος
725 1934 753 2000 δ’
770 1935 882 2020 ἐπειδὴ,
891 1934 923 2003 τό
937 1939 1005 2022 περὶ
1018 1935 1071 2004 τόν
1083 1935 1217 2021 άδελφὸν

198 2040 275 2125 ἔγνω
305 2034 407 2116 πάθος
436 2035 557 2102 διῶκειν
587 2033 682 2112 εὐθὺς
712 2032 782 2124 ῶετο
812 2039 876 2100 δεῖν
901 2033 972 2111 τοὺς
1002 2029 1218 2119 άιιμαιοτάτοας

199 2138 276 2222 ἔχων
301 2144 361 2202 τῶν
387 2136 520 2218 νομέων,
549 2130 589 2210 ὦς
616 2135 657 2197 έτι
679 2131 752 2196 κατὰ
779 2131 834 2215 τήν
858 2129 933 2200 ὑδὺν
954 2131 1026 2198 ὅντα
1048 2134 1218 2219 καταληψό-

200 2260 288 2319 μενος
306 2233 358 2301 τδν
371 2233 499 2316 Ῥῶμον·
519 2228 711 2314 άποτρέπεται
729 2227 757 2293 δ’
773 2227 833 2296 ὑπὸ
851 2237 904 2296 τοῦ
924 2230 1100 2297 Φαιστόλου.
1137 2230 1216 2317 ὑρῶν
1231 2261 1259 2301 ιο
1312 2227 1314 2282 Ῑ

198 2331 256 2419 γδιρ
279 2326 366 2411 οὑτος
388 2329 481 2397 αὑτοῦ
504 2326 559 2411 τήν
582 2327 720 2412 σπουδήν
743 2327 945 2413 μανικωτέραν
966 2322 1060 2395 οὖσαν
1075 2379 1216 2397 .......

199 2433 353 2517 νομισθείς
376 2426 392 2496 ὑ
415 2425 526 2511 πατὴρ,
547 2424 600 2492 τὸν
623 2429 792 2511 ἔμπροσθεν
814 2424 923 2510 χρόνον
945 2423 1099 2513 άπόρρητα
1116 2429 1218 2496 ποιού-

200 2555 289 2613 μενος
316 2537 379 2604 τοῖς
406 2527 568 2610 μειρακίοις
596 2526 767 2605 διετέλεσεν,
794 2517 835 2601 ῶς
862 2522 902 2608 μή
930 2532 1041 2592 θῶπον
1064 2523 1218 2612 ὁρμήσωσι

199 2627 475 2711 παρακινδυνεῦσαί
491 2650 532 2704 τι,
549 2625 621 2706 πρλν
639 2624 672 2689 ἐν
684 2629 725 2712 τῷ
739 2627 879 2712 κρατίστω
893 2630 945 2707 τῆς
958 2621 1055 2708 άκμῆς
1069 2627 1217 2710 γενέσθαι.

199 2723 262 2792 τότε
285 2722 323 2809 δή
347 2720 422 2806 πρὸς
443 2728 496 2806 τῆς
518 2718 651 2804 άνάγκης
673 2723 808 2804 βιασθείς
831 2723 998 2805 μονωθέντι
1019 2730 1060 2813 τῷ
1078 2720 1215 2811 Ῥωμύλῳ
1230 2747 1258 2790 ιε

200 2823 277 2908 λέγει
291 2827 391 2886 πᾶσαν
404 2820 434 2896 ἐξ
447 2817 541 2902 άρχής
552 2815 608 2900 τήν
620 2825 825 2904 κατασχοῦσαν
838 2818 947 2898 αὑτοὺς
959 2819 1060 2906 τάχην.
1089 2821 1218 2905 μαθόντι

202 2921 235 2984 δέ
252 2926 292 3007 τῶ
311 2920 456 3004 νεανίσκῳ
475 2925 528 2998 τῆς
542 2942 572 2982 τε
586 2915 695 3000 μητρός
708 2914 805 2995 οἶκτος
818 2919 973 3004 εἰσέρχεται
985 2922 1036 2984 καί
1048 2921 1217 3006 Νεμέτορος

202 3020 339 3100 φροντίς,
362 3016 412 3078 καλ
434 3013 528 3080 πολλὰ
550 3016 777 3102 βουλευσαμένῳ
800 3014 871 3099 μετὰ
893 3023 947 3082 τοῦ
971 3016 1139 3084 Φαιστύλου
1165 3018 1218 3102 τῆς

201 3113 254 3197 μέν
286 3110 391 3178 αὐτίκα
421 3110 516 3196 ὁρμῆς
542 3113 671 3198 ἐπισχεῖν
700 3111 811 3196 ἐδόκει,
841 3118 955 3181 πλείονι
984 3116 1017 3180 δέ
1045 3122 1218 3202 παρασκευή

202 3209 358 3294 δυνάμεως
372 3209 558 3295 χρησάμενον
571 3209 642 3277 ὑλον
660 3208 826 3290 ἀπαλλάξαι
838 3211 891 3279 τόν
909 3209 994 3279 οἶκον
1011 3220 1063 3296 τῆς
1077 3211 1215 3295 ’Λμολίου
1229 3236 1256 3277 εο

200 3313 388 3392 παρανομίας
419 3306 565 3375 κίνδυνόν
593 3334 623 3373 τε
650 3307 702 3376 τόν
731 3311 853 3395 ἔσχατον
881 3308 957 3392 ὑπέρ
985 3316 1044 3375 τῶν
1076 3313 1218 3395 μεγίστων

201 3407 307 3474 άθλων
329 3401 511 3491 άναρρῖψαι,
534 3405 671 3492 πράττειν
694 3407 727 3472 δέ
750 3407 820 3492 μετὰ
842 3415 895 3474 τοῶ
918 3405 1139 3492 μητροπάτορος
1157 3406 1174 3473 ό
1191 3433 1218 3473 τι

201 3504 242 3571 άν
265 3506 367 3595 ἐκείνῳ
391 3509 476 3595 δοκή.

295 3603 377 3692 (cap.
391 3600 446 3692 81)
460 3601 513 3682 Ὡς
527 3603 560 3670 δέ
576 3611 667 3671 ταῦτα
684 3604 821 3690 κράτιστα
840 3601 915 3671 εἶναι
933 3607 1026 3688 ἔδοξε,
1040 3605 1220 3692 συγκαλέσας
