2638 4056
478 235 708 293 FRAGMENTA
725 243 841 294 to-se.
1080 238 1145 302 1¹13

128 403 205 465 quos
219 403 323 446 seeum
336 386 509 467 adduxerat,
522 385 715 466 relinquereq
728 389 884 467 impetrari
901 387 938 449 ah
952 407 989 449 eo
1002 391 1145 468 potuisse.

127 473 261 538 Attalum
283 475 408 536 tratrem
424 477 491 536 eius
508 484 541 536 et
558 478 739 537 remansisse
757 476 836 555 apud
855 477 1018 553 consulem,
1036 488 1068 538 et
1085 480 1145 538 sin·

127 582 230 626 ceram
251 566 318 625 eius
340 565 431 626 tidem
452 563 570 644 aequali
593 573 700 626 tenore
727 568 937 647 egregiamque
964 585 1086 646 operam
1113 569 1145 629 in

127 671 165 714 eo
186 652 266 714 hello
289 651 444 732 [Persico]
468 654 571 716 tuisse
692 696 695 700 -

218 763 278 830 53.
300 769 370 830 cn.
383 769 645 845 namurcen
668 770 820 832 Summam
834 774 932 832 omnis
950 773 1062 850 apuu
1079 760 1209 838 aas&

127 861 305 937 argentique
327 857 464 918 translati
482 856 649 937 [triumpho
668 859 807 938 Persico]
826 864 999 922 sestertium
1016 859 1145 922 milliens
1154 848 1207 898 ⁵⁸⁷

127 947 306 1010 ducentiens
333 947 427 1008 luisse
450 945 587 1009 Valerius
608 949 712 1010 Antias
738 949 844 1030 tradit,
871 968 931 1029 qua
952 948 1033 1009 haud
1054 948 1146 1010 duhie

127 1039 223 1096 maior
245 1035 398 1116 aliquanto
425 1052 542 1097 summa
569 1057 606 1097 ex
633 1056 760 1099 numero
782 1037 986 1118 plaustrorum
1006 1038 1146 1116 ponderi·

127 1125 246 1205 hnsqne
273 1127 341 1186 auri
367 1128 484 1204 argenti
510 1129 676 1206 generatim
703 1126 741 1187 ah
768 1129 834 1207 ipso
862 1129 983 1206 scriptis
1006 1127 1145 1188 efficitur.

127 1213 257 1275 alterum
278 1223 396 1275 tantum
417 1223 470 1274 aut
492 1217 525 1274 in
546 1215 659 1276 bellum
680 1233 860 1296 proxumum
878 1215 1069 1294 absumptum
1093 1226 1187 1276 aut1⁰

127 1305 161 1364 in
191 1304 275 1383 luga,
306 1321 377 1364 cum
404 1302 618 1366 Samothracen
649 1313 779 1386 peteret,
806 1305 984 1385 dissipatam
1014 1304 1147 1384 tradunt,

127 1411 225 1472 eoque
247 1392 280 1454 id
301 1392 468 1454 mirabilius
491 1402 566 1476 erat,
588 1395 669 1474 quod
690 1403 809 1456 tantm
830 1397 974 1473 pecuniae
995 1396 1076 1454 intra
1093 1396 1146 1455 tri-

127 1483 211 1560 ginta
232 1499 327 1542 annos
349 1491 418 1562 post
440 1481 552 1543 whom
574 1483 706 1563 Philippi
728 1503 798 1545 cum
816 1483 957 1544 Romanis
978 1485 1088 1562 partim
1108 1501 1146 1543 ex

127 1571 230 1632 lrnctu
244 1570 440 1651 metallorum,
454 1574 563 1650 partim
581 1591 619 1632 ex
636 1573 833 1652 uectigalibus
851 1572 918 1633 aliis
936 1581 1147 1633 coaceruatum

128 1660 234 1720 luerat
1161 1681 1188 1722 ιε

218 1770 277 1837 54.
300 1777 368 1837 Liar.
382 1776 516 1837 XXXX
520 1777 547 1834 V
555 1777 644 1853 43‚8
668 1775 847 1837 Sestertium
864 1775 1042 1838 ducentiens
1059 1795 1098 1836 ex
1111 1783 1210 1860 ΜΨ

127 1863 238 1944 pracda
258 1863 402 1942 [Iltyn'ca
425 1867 465 1926 ab
483 1863 607 1942 Αηίεἰο]
631 1864 786 1928 redactum
809 1884 876 1926 esse
899 1873 1005 1926 auctor
1023 1874 1069 1925 cst
1086 1868 1208 1925 rin-58⁵1

128 1955 186 2016 tias
217 1962 338 2032 praeter
368 1971 476 2014 aurum
505 1963 735 2036 argentumque,
764 1954 844 2033 quod
871 1957 903 2014 in
930 1956 1080 2014 aerarium
1107 1956 1147 2014 sit

128 2043 230 2104 latum
268 2043 348 2126 quod
377 2045 447 2122 quia
478 2042 559 2104 unde
591 2043 688 2122 redigi
716 2044 862 2124 potuerit,
889 2060 950 2103 nou
976 2041 1147 2122 apparebat,

128 2139 283 2193 auctorem
306 2149 362 2211 pro
384 2151 418 2192 re
440 2135 537 2211 posui
1160 2153 1188 2192 ao

220 2243 278 2310 hh.
305 2250 461 2310 Corsorm.
479 2251 519 2310 de
536 2251 565 2310 d.
579 2268 609 2309 n.
624 2249 676 2323 17,
694 2249 734 2308 11
755 2247 798 2308 lie
817 2256 993 2327 quartorum
1006 2242 1210 2322 ludorumffl

130 2335 367 2416 [saecularium]
382 2355 460 2398 anno
473 2335 584 2416 triplex
598 2339 699 2416 opinio
713 2346 769 2398 est
791 2338 895 2398 Antias
909 2339 1034 2398 enimet
1054 2335 1146 2396 Varro
1156 2334 1209 2383 ⁶⁰⁵

13 2443 19 2450 ·
128 2425 235 2488 Liuius
261 2425 373 2488 relatos
400 2444 467 2486 esse
494 2425 693 2505 prodiderunt
719 2423 751 2486 L.
774 2425 886 2487 hlarcio
913 2425 1078 2486 Censorino
1100 2424 1147 2486 hl'.

128 2513 250 2576 hlanilio
273 2513 447 2576 consulibus
469 2522 539 2594 post
560 2514 684 2575 Romam
706 2514 856 2576 conditam
879 2533 956 2578 anno
978 2527 1060 2576 nov.
1092 2509 1147 2594 (cf.

130 2605 193 2665 Pis.
212 2604 256 2680 [ν.
274 2603 327 2665 39.
354 2605 406 2665 On.
432 2605 506 2666 ceu.
523 2604 575 2665 28.
602 2606 684 2665 Cass.
700 2599 769 2686 39.)
1161 2624 1188 2664 as

166 2727 174 2740 '
222 2724 281 2790 56.
309 2729 395 2790 Oros.
412 2729 515 2804 V3,2
536 2728 612 2790 Cum
624 2727 761 2789 lletellus
775 2736 897 2807 praetor
908 2726 1043 2789 Achaeos
1054 2715 1212 2794 Boeo-{⁴²-⁶

129 2821 250 2898 tiosque
277 2820 455 2879 coniunctos
481 2817 598 2880 (luobus
625 2817 725 2898 hellis,
751 2817 809 2878 hoc
836 2826 883 2878 est
909 2818 1041 2895 primum
1067 2804 1209 2894 apud⁶⁰⁸

130 2906 359 2987 Thermopylas,
381 2909 493 2967 iterum
514 2909 547 2966 in
568 2905 700 2966 Phocide
723 2909 859 2987 uicisset,
891 2924 1019 2987 quorum
1047 2907 1148 2985 priore

130 2994 210 3057 hello
233 2998 332 3056 occisa
354 3013 421 3056 esse
444 2997 553 3074 uiginti
571 2995 661 3074 milia,
679 2995 811 3056 secundo
830 3003 946 3074 septem
962 2995 1045 3056 milia
1062 3012 1149 3056 caesa

130 3084 273 3146 Claudius
291 3084 454 3145 historicus
472 3084 573 3164 refert,
592 3083 728 3144 Valerius
745 3085 847 3144 Antias
864 3086 897 3145 in
910 3084 1020 3145 Achaia
1037 3101 1149 3164 pugna·
1162 3095 1191 3136 to

129 3181 197 3234 tum
220 3181 252 3235 et
273 3175 382 3252 uiginti
399 3173 481 3234 milia
499 3173 685 3234 Achaeorum
704 3191 774 3233 cum
791 3173 868 3233 duce
886 3191 941 3235 suo
960 3172 1050 3234 liiaeo
1070 3175 1148 3234 ceei-

131 3262 213 3324 disse
245 3263 416 3324 confirmat:
444 3295 483 3304 -
512 3265 606 3341 igitur
636 3270 705 3341 post
736 3263 866 3322 extincta
897 3265 990 3322 totins
1020 3262 1149 3324 Achaiae

130 3351 290 3432 praesidia,
304 3350 515 3412 destitutarum
532 3354 722 3412 euersionem
740 3350 862 3412 urhium
874 3349 993 3411 hletello
1010 3359 1149 3430 praetore

130 3439 309 3520 meditante,
332 3439 439 3502 consul
460 3439 621 3501 llnmmius
647 3442 824 3520 repentinus
847 3458 916 3501 cum
938 3442 1042 3519 paucis
1064 3443 1149 3501 uenit

131 3531 165 3592 in
188 3537 295 3608 castra,
319 3532 372 3609 qui
389 3529 512 3590 dimisso
531 3531 632 3592 statim
649 3528 768 3591 lletello
787 3529 964 3590 Corinthum
982 3531 1048 3590 sine
1065 3547 1150 3590 mora
1162 3538 1189 3582 ³⁵

131 3621 325 3698 expugnauit.
348 3613 404 3699 (cf.
426 3620 533 3681 Claud.
552 3618 597 3694 [ν.
616 3613 683 3700 68.)
