2638 4056
468 231 698 289 runcuuurt
718 238 795 290 1-a.
1077 235 1144 300 225

126 379 314 441 consularem
332 379 603 461 triumphalemque
622 401 639 442 a
658 381 786 461 collegae
802 385 833 444 ui
853 383 1055 445 defenderent.
1075 393 1143 446 octo

125 467 240 531 tribuni
254 471 373 550 cognita
386 488 476 532 causa
494 470 703 534 decreuerunt.
726 470 799 533 Eius
818 473 932 534 decreti
951 472 1053 553 uerba,
1068 491 1144 553 quae

125 560 225 639 posui,
248 576 284 619 en
307 558 458 622 annalium
480 561 682 621 monumentis
705 563 855 640 exscripta
878 569 961 623 sunt:
986 557 1087 634 ‘Quod
1111 562 1143 624 P.

127 645 227 726 Scipio
246 648 403 710 Africanus
426 647 590 730 postulauit
601 656 663 727 'pro
682 648 714 710 L.
735 649 873 730 Scipione
892 650 1022 713 Asiatico
1041 651 1142 732 fratre,

124 753 194 798 cum
218 744 322 799 contra
345 737 425 816 leges
449 745 612 817 contraque
636 757 751 800 morena
775 741 920 801 maiorum
943 739 1082 801 tribunus
1103 741 1170 820 pls

124 823 295 888 hominibus
318 827 422 888 accitis
450 844 505 906 per
532 828 594 888 uim
621 829 806 907 inauspicato
835 830 1014 890 sententiam
1042 829 1078 896 de
1107 848 1143 890 eo

124 912 228 976 tulerit
255 914 437 995 multamque
470 914 551 977 nullo
580 916 715 995 exemplo
747 919 927 996 irrogauerit
956 917 1143 998 praedesque

124 1020 193 1064 eum
217 1002 255 1065 oh
278 1022 344 1065 eam
366 1023 430 1065 rem
454 1005 524 1066 dara
547 1012 634 1083 cogat
657 1014 721 1085 aut,
745 1007 771 1067 si
799 1023 858 1067 non
883 1005 946 1086 det,
968 1008 1006 1089 in,
1023 1006 1143 1068 uincula

124 1091 195 1154 duci
218 1091 331 1174 iuheat,
355 1102 389 1156 ut
412 1112 480 1155 eum
504 1112 521 1154 a
543 1093 673 1173 collegae
697 1097 729 1157 ui
751 1095 970 1174 prohiheamus.
1008 1103 1038 1156 et
1061 1095 1141 1174 quod

124 1189 229 1243 contra
252 1181 364 1261 collega
386 1181 557 1265 postulauit,
582 1200 619 1244 ne
644 1182 702 1244 sibi
724 1184 956 1264 intercedamus,
981 1186 1140 1263 quominus
1156 1198 1181 1238 10

124 1278 228 1349 suapte
247 1279 394 1350 potestate
416 1275 461 1333 uti
483 1271 584 1355 liceat,
600 1272 636 1333 de
656 1290 690 1334 ea
709 1291 742 1334 rc
759 1281 895 1334 nostrum
915 1275 1061 1335 sententia
1081 1292 1141 1335 om·

124 1360 207 1420 nium
217 1377 252 1420 ea
262 1367 320 1422 est:
336 1362 362 1422 si
370 1358 403 1422 L.
415 1359 570 1422 Cornelius
583 1361 684 1440 Scipio
693 1361 841 1424 Asiaticus
856 1361 986 1442 collegae
996 1361 1142 1426 arbitratu

123 1448 248 1527 praedes
267 1447 356 1529 dabit,
375 1449 513 1531 collegae,
532 1468 569 1511 ne
589 1469 658 1512 eum
676 1453 708 1512 in
727 1451 846 1514 uincula
865 1451 961 1532 ducat,
976 1450 1143 1516 intercede-

124 1554 204 1617 mus;
224 1539 250 1601 si
273 1539 337 1600 eius
355 1537 501 1601 arbitratu
520 1539 645 1618 praedes
665 1557 724 1601 non
743 1538 832 1620 dabit,
847 1542 1006 1618 quominus
1030 1539 1143 1620 collega

124 1644 177 1687 sua
192 1634 338 1705 potestate
353 1634 463 1707 utatur,
478 1646 537 1689 non
557 1624 797 1692 intercedemus'.
817 1629 888 1691 Post
905 1628 962 1690 hoc
977 1629 1142 1708 decretum,
1156 1641 1182 1682 1⁵

123 1731 192 1778 cum
211 1715 384 1797 Augurinus
402 1716 542 1779 tribunus
561 1717 593 1778 L.
609 1717 778 1797 Scipionem
797 1717 923 1797 praedes
942 1735 1003 1780 non
1021 1717 1142 1780 dantem

123 1803 230 1884 prandi
254 1813 284 1867 et
306 1807 338 1866 in
362 1823 514 1868 carcerem
537 1805 607 1868 duci
629 1808 775 1884 iussisset,
799 1815 871 1869 tunc
895 1805 1035 1868 Tiberius
1059 1805 1141 1872 Som-

123 1895 248 1972 pronius
272 1894 425 1956 Gracchus
452 1903 489 1957 tr.
514 1895 566 1976 pl.,
589 1902 674 1974 pater
702 1894 804 1958 Tiberi
831 1903 920 1975 atque
944 1895 975 1960 C.
995 1895 1142 1957 Graccho·

123 1999 199 2068 rum,
223 2001 292 2045 cum
314 1983 347 2046 P.
366 1982 500 2062 Scipioni
522 1984 660 2045 Africano
683 1985 822 2046 iuimicus
845 1986 946 2064 grauis
970 1982 1008 2045 oh
1030 1984 1142 2062 pleras-

123 2089 181 2150 que
208 2074 240 2133 in
268 2090 301 2133 re
334 2071 454 2152 publica
485 2073 686 2134 dissensiones
714 2081 807 2154 esset,
839 2075 950 2135 iurauit
982 2070 1077 2151 palam
1110 2075 1141 2133 in
1155 2085 1182 2125 20

124 2162 283 2223 amicitiam
305 2163 396 2242 inque
420 2163 545 2241 gratiam
569 2180 601 2222 se
624 2179 693 2224 cum
715 2161 747 2222 P.
771 2162 910 2224 Africano
933 2179 993 2222 non
1016 2161 1140 2241 redisse,

123 2256 212 2329 atque
235 2251 276 2311 ita
299 2250 454 2312 decretum
477 2269 514 2312 ex
532 2249 632 2312 tahula
650 2252 797 2313 recitauit.
822 2250 895 2312 Eius
914 2250 1030 2312 decreti
1047 2249 1141 2313 uerba

122 2338 195 2400 haec
220 2347 297 2401 sunt.
331 2335 417 2401 ‘Cum
435 2339 467 2400 L.
488 2338 644 2401 Cornelius
663 2339 763 2418 Scipio
782 2339 930 2401 Asiaticus
953 2339 1140 2419 triumphans

123 2427 255 2489 hostium
269 2428 360 2490 duces
375 2430 406 2490 in
425 2446 577 2490 carcerem
596 2430 779 2510 coniectarit,
793 2428 922 2490 alienum
937 2428 1057 2490 uidetur
1074 2446 1140 2489 esse

123 2516 267 2595 dignitate
290 2520 336 2579 rei
358 2517 509 2598 publicae,
532 2519 563 2580 in
587 2535 656 2578 eum
679 2517 779 2579 locum
801 2519 1014 2596 imperatorem
1037 2516 1140 2596 populi
1154 2528 1180 2569 2⁵

123 2604 248 2666 Romani
271 2605 353 2686 duci,
376 2609 408 2668 in
439 2625 529 2686 quem
552 2605 651 2668 locum
678 2604 715 2666 ah
742 2624 778 2666 eo
802 2607 931 2667 coniecti
954 2613 1024 2667 sunt
1047 2604 1139 2667 duces

122 2693 267 2758 hostium:
291 2697 391 2776 itaque
415 2696 447 2757 L.
467 2695 638 2758 Cornelium
662 2694 831 2774 Scipionem
855 2695 1018 2756 Asiaticum
1041 2712 1058 2754 a
1080 2692 1139 2754 col·

122 2783 205 2863 legae
229 2786 261 2845 ui
280 2780 444 2864 prohiheo'.
469 2780 542 2866 (seq.
559 2783 601 2860 fr.
625 2784 722 2845 Valer.
739 2784 806 2844 Ant.
822 2784 867 2843 45
881 2778 924 2862 z.)

211 2886 272 2955 4³¹³.
297 2894 374 2954 Plio.
392 2912 421 2954 n.
440 2895 469 2954 lt.
488 2891 573 2952 XVI
586 2889 632 2951 36
669 2888 816 2952 Scandula
848 2896 1015 2951 contectam
1047 2887 1139 2949 luisse

121 2979 245 3043 Romam
269 2981 305 3042 ad
324 2980 432 3062 Pyrrhi
455 2997 550 3059 usque
569 2978 680 3042 bellum
700 2980 785 3041 annis
805 2991 961 3042 cccuuxx
984 2975 1139 3038 Cornelius
1154 2989 1181 3030 ³⁰

121 3067 220 3148 Nepos
244 3077 348 3132 auctor
371 3077 426 3135 est.

212 3169 273 3237 5²⁸².
296 3177 374 3237 Ptin.
393 3195 422 3237 re.
440 3178 469 3237 h.
484 3176 632 3237 XXXVI
646 3177 689 3238 48
722 3175 854 3236 Primum
877 3174 987 3235 Romae
1009 3173 1140 3251 parietes

122 3270 224 3326 crusta
251 3266 409 3326 marmoris
436 3265 591 3343 operuisse
619 3272 698 3326 totos
726 3264 854 3325 domuus
881 3280 952 3324 suae
982 3263 1013 3323 in
1042 3260 1139 3322 Caelio

123 3360 223 3414 monte
251 3352 406 3415 Cornelius
433 3353 532 3435 Nepos
559 3354 650 3416 tradit
676 3352 857 3415 Mamurram
884 3351 1000 3413 Formis
1027 3359 1140 3430 natum,

123 3443 255 3521 equitem
270 3441 442 3522 Romanum,
461 3442 644 3521 praelectum
663 3441 780 3503 iahrum
795 3441 826 3502 G.
841 3440 974 3502 Caesaris
993 3441 1024 3500 in
1039 3438 1139 3519 Gallia,
1154 3448 1181 3492 ³⁶

123 3549 160 3593 ne
184 3531 258 3611 quid
281 3531 450 3611 indignitati
469 3531 555 3612 desit,
574 3531 625 3593 tali
644 3539 765 3592 auctore
785 3533 908 3592 inuenta
925 3547 967 3589 re.
991 3528 1039 3588 hic
1059 3546 1139 3588 nam·

122 3637 181 3700 que
201 3627 247 3682 est
265 3619 540 3685 Mamurratatutti
555 3619 743 3682 Veroniensis
762 3617 943 3682 carminibus
962 3618 1139 3696 proscissus,

175 3729 265 3786 annue,
278 3731 339 3775 ntae.
353 3731 419 3773 aon.
433 3711 515 3778 rnen.
945 3722 977 3771 15
