2638 4056
354 259 579 319 TESTIMONIA
597 267 675 317 3-4.
694 259 830 318 abacti
851 268 928 317 1-r.
1080 259 1144 326 201

133 407 327 493 διαστήματος
348 406 453 496 ἔθεον)
476 403 513 475 οὗ
537 409 755 491 περιμείναντες
775 405 846 486 τοὺς
871 404 996 485 λοιποὺς
1017 404 1147 492 ὁρμῶσιν

134 508 181 572 ἐπὶ
203 505 274 586 τοὺς
295 506 430 592 πρώτους
452 505 649 592 ἐμβοήσαντες
665 501 775 590 ἆθρόοι
793 508 843 571 καί
859 503 1045 590 περιστάντες
1062 508 1146 591 ἔβαλ-

133 613 187 672 λον
210 609 242 672 ol
261 606 316 689 μίν
337 603 496 687 ἀκοντίοις,
518 609 550 672 οἱ
570 605 604 670 δὲ
625 609 733 688 λίθοις,
752 608 784 670 ol
803 602 832 669 d’
854 601 894 682 ὥς
912 604 1030 670 ἕκαστοί
1048 630 1076 668 τι
1096 602 1147 669 διδι

133 700 229 788 χειρὸς
251 699 340 788 εἶχον.
375 707 408 770 οἱ
427 701 456 768 δ’
481 704 669 788 ἔπτλαμὲντες
695 709 737 792 τῷ
762 701 923 790 παραδόξῳ
951 709 1005 768 τοῦ
1026 700 1148 780 πάθους

132 803 184 865 καί
205 797 426 885 ἇμηχανοῦντες
445 799 463 866 ὅ
484 827 511 866 τι
534 796 677 884 δράσειαν
698 798 774 882 πρὸς
796 796 1002 882 ὡπλισμένους
1023 799 1174 866 immas

134 896 295 981 μαχόμενοι
315 894 389 962 κατὰ
410 896 524 980 πολλὴν
550 896 701 964 εὐπέτειαν
727 894 938 981 ἐχειρώθησαν.
974 894 1069 978 ὃμὲν
1092 890 1148 963 οὖν

129 993 240 1079 Ῥῶμος
258 996 309 1060 tol
325 1003 386 1072 τοῖς
402 999 554 1078 πολεμίοις
571 995 730 1082 γενόμενος
747 993 855 1074 οὕτως,
870 993 930 1059 τίδ’
947 992 1017 1072 oieb
1033 993 1149 1080 Φάβιος

134 1095 193 1175 [sr.
211 1090 264 1174 5¹³]
284 1093 487 1176 παραδέδωκε,
510 1095 628 1177 δέσμιος
650 1098 692 1172 είς
713 1089 768 1176 τὴν
782 1092 895 1177 ’Ἄλβαν
917 1090 1054 1176 ἀπήγετο.

224 1187 259 1256 4.
285 1193 357 1256 Gall.
371 1195 408 1255 X
416 1193 501 1270 28st
519 1193 639 1257 Tubero
654 1197 686 1256 in
699 1194 892 1256 historiarum
906 1195 1004 1273 primo
1018 1194 1148 1275 scripsit,

135 1283 275 1344 Seruium
293 1281 433 1363 Tullium,
451 1301 553 1364 regem
571 1283 675 1365 populi
692 1283 826 1366 Romani,
845 1300 913 1345 cum
931 1281 997 1344 illas
1016 1285 1148 1363 quinque
1162 1293 1190 1334 1⁰

135 1372 245 1435 classes
272 1377 427 1435 seniorum
454 1381 484 1435 et
509 1375 660 1435 iuniorum
688 1391 797 1436 census
824 1371 952 1434 laciendi
983 1374 1077 1452 gratia
1103 1374 1148 1432 in·

136 1463 288 1542 stitueret,
315 1457 458 1542 ‘pueros'
486 1479 552 1523 esse
581 1464 779 1544 existimasse,
807 1463 860 1544 qui
886 1463 1019 1522 minores
1048 1468 1150 1523 essent

1 1576 5 1592 ·
135 1551 222 1612 annis
245 1557 359 1631 septem
382 1550 494 1632 decem,
513 1560 601 1633 atque
625 1551 694 1613 inde
718 1551 755 1614 ab
779 1569 856 1612 anno
881 1550 1150 1630 septimodecimo,

136 1657 195 1721 quo
218 1640 342 1701 idoneos
360 1641 419 1701 iam
437 1657 503 1702 esse
522 1641 566 1701 rel
585 1659 613 1720 p.
632 1641 837 1723 arbitraretur,
854 1639 964 1702 milites
983 1638 1150 1720 scribsisse,

135 1745 247 1810 eosque
270 1729 306 1790 ad
330 1746 441 1790 annum
460 1729 718 1810 quadragesimum
737 1738 854 1791 sextum
872 1723 1029 1791 ‘iuniores’
1047 1737 1191 1810 supra-1⁵

136 1835 195 1899 que
219 1834 287 1880 eum
311 1836 422 1879 annum
445 1813 602 1880 ‘seniores'
626 1817 798 1900 appellasse.

501 1953 556 2010 EX
581 1954 709 2012 LIBRO
732 1953 787 2010 1111

227 2061 261 2129 ο.
289 2066 612 2150 olors.11p.202
637 2069 675 2128 r.
713 2066 832 2130 rubero
864 2067 1057 2129 historiarum
1084 2065 1152 2128 nu:
1280 2029 1285 2036 ’

2 2161 14 2175 “
137 2156 302 2219 inimiciter
324 2155 515 2219 irascendum
537 2174 597 2218 non
621 2164 676 2218 est.

466 2289 521 2346 Ex
543 2290 672 2348 LIBRO
695 2291 824 2346 II—VIH

227 2400 262 2468 6.
286 2405 547 2480 Llu.11112s,1
569 2403 698 2466 Eosdem
720 2404 858 2466 consules
880 2404 1052 2484 insequenti
1075 2398 1216 2479 annoffi-4

138 2494 282 2575 reiectos,
304 2493 413 2556 lulium
436 2495 559 2556 tertium
581 2492 754 2572 Verginium
776 2496 900 2573 lterum,
923 2492 1001 2573 apud
1020 2490 1153 2554 Macrum
1161 2488 1216 2538 820

138 2583 287 2644 Licinium
311 2581 369 2662 [fr.
382 2581 441 2660 14]
464 2584 595 2644 inuenio.
624 2581 759 2644 Valerius
782 2582 885 2644 Antias
910 2578 967 2662 [sr.
986 2580 1047 2660 20]
1071 2589 1101 2643 et
1119 2581 1153 2652 Q.

139 2669 260 2733 Tubero
282 2671 320 2732 M.
339 2671 481 2733 Manlium
504 2679 534 2732 et
557 2668 591 2741 Q.
610 2669 776 2750 Sulpicium
799 2670 939 2733 consules
961 2672 993 2731 in
1016 2688 1085 2732 eum
1104 2688 1154 2732 an·

138 2779 211 2824 num
230 2759 331 2824 edunt
354 2759 494 2822 Ceterum
513 2763 545 2822 in
563 2767 624 2821 tam
638 2760 821 2840 discrepanti
838 2761 969 2822 editione
987 2767 1019 2820 et
1034 2757 1154 2828 Tubero

139 2858 170 2911 et
183 2847 283 2911 llacer
300 2849 394 2910 libros
411 2848 519 2910 linteos
538 2857 676 2911 auctores
690 2849 877 2929 profitentur,
891 2855 999 2910 neuter
1016 2846 1155 2910 tribunos

139 2938 267 3000 militum
290 2956 326 2999 eo
349 2956 426 2999 anno
450 2937 542 3000 luisse
566 2936 709 3000 traditum
736 2937 773 2998 ab
801 2936 999 3016 scriptoribus
1020 2938 1153 3015 antiquis
1167 2944 1195 2986 ²⁶

139 3025 313 3090 dissimulat.
340 3026 456 3088 Licinio
478 3025 573 3089 libros
594 3025 675 3088 haud
697 3026 786 3088 dubie
809 3028 896 3106 sequi
918 3025 1025 3086 linteos
1048 3023 1154 3105 placet,

139 3113 259 3178 Tubero
273 3118 408 3178 incertus
420 3117 487 3177 ueri
501 3122 555 3176 est.
571 3113 630 3178 Sed
644 3117 723 3176 inter
737 3124 836 3178 cetera
850 3123 1000 3178 uetustate
1014 3119 1155 3193 cooperta

138 3205 196 3266 boc
219 3222 340 3286 quoque
363 3205 395 3266 in
416 3205 532 3265 incerto
555 3204 695 3284 positum.

231 3289 264 3356 ί.
287 3295 355 3355 Lice.
369 3292 445 3373 th,
458 3293 503 3354 10
528 3292 564 3354 ln
586 3310 656 3354 eum
674 3310 783 3354 annum
803 3311 872 3354 cum
890 3291 924 3364 Q.
942 3291 1067 3354 Fabium
1085 3287 1217 3367 con-Q

141 3383 237 3446 sulem
255 3401 315 3444 non
328 3389 480 3463 petentem
494 3399 597 3443 omnes
612 3380 747 3444 dicerent
765 3383 927 3462 centuriae,
940 3383 1040 3460 ipsum
1053 3386 1154 3442 aucto·
1163 3377 1217 3426 4⁶⁵

140 3491 205 3534 rem
235 3471 328 3533 luisse
355 3470 454 3533 blaoer
483 3470 618 3532 Licinius
646 3468 704 3548 [sr.
727 3468 783 3548 19]
816 3487 850 3531 ac
882 3468 1001 3531 Tubero
1034 3468 1156 3530 tradunt

141 3559 298 3622 differendi
322 3559 380 3620 sibi
397 3558 570 3621 consulatus
591 3560 622 3621 in
640 3558 859 3622 bellicosiorem
876 3577 1000 3620 annum:
1023 3576 1058 3619 eo
1077 3575 1155 3620 anno

141 3652 248 3712 maiori
270 3667 302 3710 se
326 3649 397 3710 usui
418 3650 464 3709 rei
485 3647 622 3728 publicae
645 3647 709 3708 lore
732 3647 846 3710 urbano
869 3655 953 3727 gesto
972 3649 1155 3726 magistratu.
