2620 4054
172 228 238 292 264
494 227 523 283 Ο.
542 226 653 282 ASlNlI
671 225 866 282 POLLIONIS

172 379 264 456 gestis
287 377 377 438 Gaius
401 377 508 439 Caesar
532 377 746 438 condemnatus
769 394 883 457 essem,
911 379 970 438 nisi
992 377 1028 439 ab
1052 379 1186 440 exercitu

172 474 315 537 auxilium
333 473 503 555 petissem'.
526 480 601 539 b=
617 477 696 536 Plet.
711 477 814 553 Pomp.
832 476 874 536 72
887 472 1005 558 Ἔφυμε
1029 473 1062 537 δὲ
1085 469 1186 536 καὶτὰ

172 568 261 634 λοιπὰ
283 569 423 655 τάγματα,
445 573 495 636 καλ
517 569 612 654 φόνος
635 573 668 635 ἕν
689 577 729 659 τῷ
752 571 936 659 στρατοπέδω
959 568 1053 647 πολὺς
1075 571 1187 655 ἐγένετο

172 666 410 749 σκηνοφυλάκων
432 669 481 732 καλ
503 666 711 751 θεραπόντων·
740 666 913 751 στρατιώτας
935 667 968 732 dt
990 666 1102 751 μόνους
1125 669 1187 745 ἑξα-

172 769 331 848 κισχιλίους
367 775 467 831 πεσεῖν
503 779 596 848 φησιν
629 763 775 842 Ἀσίννιος
807 770 946 832 Πολλίων
982 767 1212 850 μεμαχημένος5

172 864 289 946 ε’κείνην
306 861 361 947 τὴν
379 862 477 948 μα’χην
495 862 565 947 μετὰ
584 866 743 945 Καίσαρος.
760 893 802 915 =
817 869 893 944 App.
913 869 939 928 b.
960 886 985 929 o.
1001 869 1041 928 II
1053 867 1097 943 82
1117 857 1186 928 Ἀπ-

173 961 286 1027 έθανον
305 961 337 1026 δὲ
353 998 394 1008 -
410 963 442 1027 ἐκ
465 961 498 1026 δὲ
520 967 579 1026 τῶν
601 963 763 1043 Πομπηίου
786 962 943 1044 βουλευταὶ
966 959 1130 1048 μὲνῖδὲκα,
1144 997 1186 1007 -

173 1065 232 1124 τῶν
263 1059 296 1123 δὲ
323 1059 516 1142 καλουμένων
543 1059 659 1123 ἱππέων
686 1054 765 1140 cippi
796 1056 1011 1141 τεσσαράκοντα
1041 1066 1101 1124 τῶν
1127 1062 1187 1125 ἔπι·

91 1163 93 1166 ’
174 1163 293 1238 φανῶν·
331 1158 364 1222 ἐκ
387 1157 420 1221 δὲ
442 1164 493 1240 τῆς
516 1157 605 1239 όλλλης
628 1160 761 1238 στρατιᾶς
785 1159 817 1220 ολ
839 1155 893 1238 μὲν
920 1156 1087 1240 ἐπαίροντές
1114 1179 1188 1239 φασι

174 1257 346 1338 δισμυρίους
378 1255 426 1320 ἐπὶ
457 1257 712 1337 πεντακισχιλίοις,
741 1249 868 1331 Ἀσίνιος
895 1254 928 1317 δὲ
950 1257 1101 1335 Πολλίων,
1128 1251 1187 1320 ὑπὸ
1203 1269 1241 1312 1⁰·

174 1355 302 1435 Καίσαρι
331 1359 382 1435 τῆς
409 1350 504 1435 μιλχης
530 1354 644 1434 ἐκείνης
670 1358 853 1438 στρατηγῶν,
882 1352 1091 1435 ἑξακισχιλίους
1117 1349 1189 1416 dvo·

174 1447 283 1533 γράφει
305 1445 428 1531 νεκροὺς
451 1445 613 1532 εὑρεθῆναι
633 1455 692 1513 τῶν
715 1453 885 1531 Πομπηίου.

110 1551 164 1629 ᾖ
265 1545 324 1612 3*.
341 1551 422 1610 Suet.
441 1550 526 1610 Coos.
540 1550 584 1609 55
598 1545 695 1629 ‘Apud
712 1544 831 1610 milites’
847 1567 966 1630 quoque
981 1547 1024 1610 ‘in
1035 1545 1188 1630 Hispania'
1295 1563 1296 1568 ’

113 1639 163 1688 709
175 1638 357 1716 [orationem
375 1636 529 1715 Caesaris]
549 1638 627 1698 idem
639 1639 791 1718 Augustus
803 1635 919 1718 [sr.23]
931 1641 981 1700 uix
990 1641 1085 1718 ipsius
1094 1646 1188 1720 putat,

175 1746 250 1806 quae
273 1736 373 1788 tamen
391 1726 500 1806 duplex
520 1727 629 1788 fertur:
648 1746 707 1788 una
730 1730 814 1806 quasi
832 1730 933 1806 priore
951 1727 1051 1788 habita
1065 1727 1188 1808 proelio,
1205 1738 1232 1779 1⁵

175 1816 266 1877 altera
285 1817 464 1896 posteriore,
479 1833 538 1895 quo
553 1816 673 1877 Asinius
687 1815 779 1877 Pollio
794 1836 831 1878 ne
851 1825 969 1896 tempus
985 1817 1105 1896 quidem
1119 1834 1188 1878 con-

175 1905 308 1966 tionandi
331 1904 471 1966 habuisse
495 1923 563 1966 eum
587 1904 660 1966 dicit
684 1905 782 1968 subita
804 1906 936 1967 hostium
959 1907 1140 1968 incursione.

264 1989 324 2056 4³⁸.
349 1996 430 2056 Suet.
453 1996 536 2056 Caes.
551 1995 597 2055 56
633 1994 725 2055 Pollio
749 1996 868 2056 Asinius
896 2013 1002 2074 parurn
1031 1994 1190 2073 diligenter

174 2101 340 2165 parumque
358 2084 474 2162 integra
492 2085 619 2144 ueritate
639 2086 820 2164 compositos
838 2091 923 2163 putat
945 2083 1190 2161 [commentarios

179 2170 349 2252 Caesaris],
376 2190 445 2232 cum
470 2171 577 2233 Caesar
604 2171 747 2253 pleraque
775 2181 805 2234 et
832 2191 907 2251 quac
930 2190 985 2251 per
1008 2172 1081 2232 alios
1105 2179 1191 2233 erant
1206 2185 1235 2223 20

175 2269 267 2343 gesta,
290 2267 403 2324 temere
426 2260 587 2322 crediderit
611 2269 641 2322 et
664 2280 739 2342 quae
762 2279 817 2340 per
841 2279 885 2340 se,
909 2261 959 2321 uel
982 2260 1118 2321 consulto
1141 2261 1191 2322 uel

176 2353 265 2411 etiam
296 2350 438 2410 memoria
475 2349 576 2429 lapsus
611 2368 768 2431 perperam
805 2348 944 2428 ediderit,
981 2350 1190 2428 existimatque

175 2440 393 2516 rescripturum
417 2445 447 2498 et
469 2446 676 2500 correcturum
700 2439 802 2500 luisse.

268 2529 301 2596 5.
325 2535 431 2598 Senec.
449 2555 530 2598 suos.
546 2537 632 2618 6,14
656 2534 800 2605 Quoniam
818 2535 850 2594 in
868 2532 944 2594 hanc
963 2535 1128 2596 suasoriam
1146 2537 1189 2596 in·

178 2625 315 2704 cidimus,
338 2642 397 2684 non
422 2624 550 2686 alienum
573 2633 646 2704 puto
670 2623 810 2700 indicare,
835 2621 982 2701 quomodo
1006 2625 1134 2704 quisque
1158 2642 1190 2684 se
1206 2632 1236 2674 2⁵

178 2731 213 2773 ex
236 2712 389 2774 historicis
412 2713 557 2775 aduersus
580 2713 751 2772 memoriam
775 2710 928 2772 Ciceronis
950 2715 1084 2792 gesserit.
1121 2730 1189 2772 nam

166 2803 250 2881 quin
274 2801 377 2864 Cicero
402 2811 535 2864 nectam
559 2799 680 2861 timidus
704 2799 804 2880 luerit,
826 2807 860 2861 ut
883 2809 1003 2880 rogaret
1020 2802 1190 2882 Antonium,

177 2909 233 2951 noc
265 2897 325 2951 tam
354 2891 476 2970 stultus,
503 2896 538 2950 ut
565 2906 687 2950 exorare
715 2905 803 2966 posse
831 2908 899 2952 eom
929 2897 1075 2971 speraret,
1102 2907 1190 2950 nemo

178 2977 294 3041 dsibitat
325 2986 450 3057 excepto
477 2978 578 3038 Asinio
606 2975 751 3059 Pollione,
780 2981 831 3057 qui
858 2980 1069 3040 infestissimus
1097 2979 1190 3040 lamae

179 3067 333 3130 Ciceronis
355 3069 527 3148 permansit.
545 3067 808 3147 -adieceratque
831 3067 878 3128 his
902 3067 949 3146 [ιίι
971 3071 1111 3129 oratione
1129 3086 1190 3146 pro
1206 3075 1237 3117 3⁰

178 3156 300 3234 Lamia]
330 3155 386 3217 alia
410 3154 575 3217 sordidiora
603 3155 710 3237 multo,
738 3166 772 3218 nt
800 3155 922 3218 cuilibet
949 3155 1035 3217 facile
1061 3157 1190 3236 liqueret

179 3246 236 3307 hoc
259 3252 357 3306 totum
379 3245 452 3306 adeo
475 3244 581 3305 falsum
605 3263 680 3326 esse,
704 3252 738 3307 ut
761 3263 798 3307 ne
821 3248 885 3326 ipse
909 3244 1029 3324 quidem
1047 3243 1140 3306 Pollio
1159 3248 1190 3305 in

115 3318 312 3395 .‘‚¹f⁹{.hist0riis
342 3335 405 3394 suis
432 3351 544 3412 ponere
575 3353 667 3396 ausus
695 3337 741 3396 sit.
766 3367 808 3378 —
832 3327 915 3416 (24.)
944 3331 1037 3394 Pollio
1071 3352 1190 3414 quoque

115 3407 305 3502 711λείυἰυε,
330 3423 381 3500 qui
399 3421 522 3483 Verrem
544 3422 698 3485 Ciceronis
721 3442 807 3484 reum
829 3423 990 3483 fortissime
1013 3425 1190 3484 morientem

176 3511 307 3590 tradidit,
317 3510 470 3572 Ciceronis
486 3519 613 3573 mortem
630 3512 712 3573 solus
729 3530 765 3572 ex
782 3510 920 3573 omnibus
936 3512 1063 3592 maligne
1079 3518 1191 3592 narrat,
1206 3520 1237 3561 ⁸⁵
1295 3563 1296 3572 .

177 3601 380 3661 testimonium
412 3608 512 3662 tamen
541 3603 678 3680 quamuis
704 3601 819 3661 inuitus
846 3599 967 3679 plenum
995 3603 1023 3662 ei
1050 3600 1190 3661 reddidit.
