2640 4052
173 218 215 285 18
515 220 547 287 Q.
565 218 665 276 mu
681 218 846 278 PIOTORIS

172 385 245 433 σκον
265 362 473 450 ὑπερφέροντα
495 368 612 453 μεγέθει
633 368 685 432 καί
709 365 793 454 δάμη
813 363 939 448 πάντας,
962 367 1077 452 ένορῶν
1093 365 1128 432 δέ
1144 373 1186 457 τῷ

170 460 320 553 προσῶπρο
333 461 366 529 τὸ
379 464 548 548 θαρραλέον
564 466 616 530 καί
635 462 740 547 ίταμδν
757 471 809 548 τῆς
826 471 928 550 ψυχῆς
946 461 1118 532 άδούλεοτον
1134 465 1185 530 καί

170 558 287 638 άπαθῖς
315 557 375 626 ὑπὸ
410 567 470 626 τῶν
503 559 675 646 παρόντων,
708 563 779 648 ἔργα
809 562 843 628 δέ
870 561 962 630 αύτού
988 565 1039 629 καί
1064 560 1186 648 πράξεις

171 657 260 742 ὅμοια
280 667 343 735 τοῖς
364 659 559 743 βλεπομένοις
579 658 715 742 ἀκούειν,
742 659 774 727 τὸ
802 661 836 726 δὲ
861 662 1010 747 μέγιστον,
1034 657 1075 740 ῶς
1097 661 1184 740 έοικε,

169 764 246 824 θεοῦ
264 755 469 842 συμπαρόντος
485 759 536 824 καί
550 755 827 837 συνεπευθύνοντος
840 757 933 845 άργδις
946 757 1079 845 μεγάλαν
1092 783 1184 842 πραγ-
1197 782 1211 826 ε

169 853 284 939 μάτων,
302 853 466 941 άπτόμενος
488 858 606 947 ίπινοίρι
628 858 679 922 καί
701 855 774 945 τύχη
792 865 844 942 τῆς
861 856 1004 942 άληθείας
1020 855 1185 941 άνέκρινεν,

169 951 247 1033 ὅστις
265 957 310 1039 εῖη
328 957 379 1021 καῖ
397 954 479 1034 ὅπως
495 956 620 1042 γένοιτο,
639 963 728 1043 φανῇ
745 981 775 1022 τε
792 960 900 1044 πρμείφ
912 957 964 1022 καί
977 952 1183 1041 φιλανθρώπῳ

169 1053 308 1137 βλέμματι
330 1057 428 1120 πίστιν
450 1051 529 1145 αύτῷ
552 1052 611 1139 μετ’
638 1055 755 1132 ἐλπίδος
778 1054 924 1133 ένδιδοάς.
964 1052 981 1122 ό
1005 1055 1039 1121 δέ
1059 1058 1185 1137 θαρρῶν

168 1151 278 1237 ἔλεγεν·
310 1149 404 1218 ‘’Au’
430 1149 520 1218 ούδέν
543 1146 762 1236 άποκρύψομαί
780 1169 826 1217 σε·
848 1155 899 1220 καί
916 1152 973 1240 γάρ
991 1149 1068 1219 είναι
1085 1154 1183 1227 δοκεῖς

165 1244 331 1333 Ἀμουλίου,
346 1247 577 1334 βασιλικῶτερος.
618 1248 738 1329 άκούεις
764 1249 821 1336 γάρ
847 1255 900 1318 καλ
921 1250 1089 1335 ἀνακρίνεις
1110 1249 1183 1332 πρίν
1197 1273 1224 1314 ιο

167 1343 187 1430 ἢ
210 1346 356 1425 κολάζειν·
379 1343 396 1414 ὁ
419 1346 449 1413 δ’
474 1343 612 1432 άκρίτους
634 1349 781 1418 ἐκδίδωσι.
816 1350 959 1436 πρότερον
982 1349 1036 1434 μὲν
1057 1343 1182 1423 ἑαυτούς

167 1447 289 1510 οίιιετῶν
319 1445 462 1530 βασιλέως
495 1444 671 1512 Φαυστύλου
706 1449 758 1513 καί
792 1452 958 1534 Λαρεντίας
993 1443 1181 1530 ἠπιστάμεθα

167 1545 278 1619 παῖδας
300 1540 402 1628 (ἐσμέν
424 1544 457 1610 δέ
485 1543 634 1631 δίδυμοι),
663 1543 819 1631 γενόμενοι
841 1546 874 1612 δέ
897 1548 930 1613 έν
952 1549 1030 1633 αίτίφ
1051 1540 1127 1628 πρὸς
1149 1541 1181 1608 σέ

166 1642 217 1705 καί
239 1645 392 1725 διαβολαῖς
413 1644 465 1707 καί
486 1651 547 1720 τοῖς
568 1646 635 1728 περί
653 1650 754 1728 ψυχῆς
773 1641 886 1729 άγῶσιν
904 1641 1053 1726 άκούομεν
1071 1632 1181 1725 μεγάλα

167 1741 235 1825 περί
247 1740 373 1805 ἑαυτῶν·
392 1743 420 1805 εί
432 1740 465 1805 δέ
478 1738 576 1823 πιστά,
589 1744 702 1826 κρίνειν
715 1743 791 1808 ἔοικε
805 1748 862 1806 νῦν
880 1739 896 1807 ό
915 1744 1065 1816 κίνδυνος.
1093 1737 1181 1823 γοναί
1194 1763 1222 1805 ιο

169 1837 224 1922 μέν
240 1836 297 1924 γάρ
314 1834 401 1923 ἡμῶν
418 1836 581 1924 άπόρρητοι
598 1842 745 1927 λέγονται,
763 1841 872 1923 τροφαί
889 1839 922 1904 δέ
939 1839 988 1902 καί
1008 1833 1181 1920 ττθηνήσεις

168 1934 349 2022 άτοπύτεραι
365 1944 513 2023 νεογνῶν,
532 1935 578 2017 οἷς
596 1940 759 2024 έρρίφημεν
776 1941 895 2016 οἰωνοῖς
911 1937 961 2002 καί
974 1938 1104 2019 θηρίοις,
1119 1929 1180 1999 ύπὸ

166 2033 280 2102 τούτων
294 2032 480 2120 τρεφόμενοι,
498 2043 596 2127 μαστῷ
614 2039 756 2120 λυκαίνης
772 2036 823 2101 καί
841 2030 1064 2119 δρυοκολάπτου
1081 2033 1179 2114 γαμί-

167 2153 273 2216 σμασιν
300 2135 334 2199 έν
360 2131 463 2220 σκάφη
490 2135 548 2199 τινί
573 2137 703 2217 κείμενοι
728 2131 809 2218 παρὰ
840 2131 893 2199 τόν
919 2133 1011 2219 μέγαν
1037 2127 1178 2214 ποταμόν.

166 2233 226 2296 ἔστι
244 2228 272 2295 δ’
293 2229 313 2316 ἡ
332 2230 433 2317 σκάφη
452 2235 503 2299 καλ
520 2231 649 2314 σῶζεται,
666 2237 786 2315 χαλκοῖς
798 2227 987 2314 ύποζάσμασι
1000 2225 1179 2316 γραμμάτων
1192 2254 1221 2297 νο

165 2325 310 2413 άμυδρῶν
321 2326 623 2416 ίγκεχαραγμένοτν,ῶ
641 2325 749 2414 γένοιτ’
765 2325 804 2394 άν
818 2329 889 2406 ίσοος
901 2326 1024 2413 ύστερον
1037 2326 1177 2410 άνωφελῆ

165 2431 351 2513 γνωρίσματα
378 2439 440 2507 τοῖς
467 2434 601 2496 τοκεῦσιν
627 2424 713 2511 ἡμῶν
740 2423 953 2510 άπολομέναν.’
990 2423 1024 2490 Ὁ
1046 2425 1100 2508 μέν
1122 2417 1178 2492 νύν

165 2525 315 2612 Νομύτωρ
333 2529 366 2592 έκ
383 2551 414 2592 τε
431 2533 490 2592 τῶν
507 2523 604 2611 λόγων
622 2523 734 2591 τούτων
746 2525 798 2589 καί
810 2522 885 2608 πρὸς
898 2522 953 2609 τὴν
966 2523 1041 2604 όψιν
1053 2520 1178 2599 είκάζων

164 2621 217 2690 τόν
234 2620 344 2709 χρόνον
361 2623 418 2691 ούκ
436 2626 542 2710 ἔφευγε
555 2621 610 2707 τὴν
623 2623 727 2688 έλπίδα
742 2626 905 2690 σαίνουσαν
918 2620 981 2689 ἄλλ’
998 2618 1177 2707 έφρόιπιζεν,

164 2718 246 2800 ὅπως
263 2729 299 2809 τῇ
315 2722 443 2807 θυγατρί
462 2718 659 2804 περὶτούτων
676 2718 779 2804 κρύφα
797 2718 1011 2807 συγγενόμενος
1023 2716 1176 2802 φράσειεν·
1191 2740 1218 2784 ιε

165 2820 337 2905 ἐφρουρεῖτο
354 2818 412 2904 γάρ
429 2821 471 2883 ἔτι
487 2825 641 2901 καρτερῶς.
686 2814 784 2906 (8)”0
802 2819 836 2884 δέ
855 2813 1029 2896 Φαυστύλος
1046 2813 1178 2892 άκούσας

162 2916 218 3001 τήν
244 2943 274 2984 τι
302 2915 451 3000 σύλληψιν
477 2923 530 2984 τού
551 2913 667 3000 Ῥῶμον
694 2919 745 2982 καί
771 2914 827 3000 τὴν
850 2914 1019 3000 παράδοσιν
1044 2911 1097 2979 τὸν
1123 2912 1178 2996 μέν

158 3012 309 3099 Ῥωμύλον
326 3011 414 3098 ἠξίου
432 3018 574 3098 βοηθεῖν,
591 3013 656 3082 τότε
672 3021 778 3099 σαφῶς
794 3011 918 3092 διδάξας
935 3015 1001 3098 περί
1022 3019 1076 3095 τῆς
1096 3010 1176 3094 γενέ-

163 3129 249 3190 σεως·
272 3109 416 3196 πρότερον
438 3111 472 3178 δέ
489 3109 658 3200 ύπηνίττετο
679 3116 730 3180 καί
748 3110 917 3198 παρεδήλου
936 3115 1085 3188 τοσούτον,
1104 3105 1177 3172 ὅσον
1305 3086 1312 3220 β

161 3210 357 3295 προσέχοντας
375 3207 415 3294 μὴ
435 3209 541 3295 μικρὸν
559 3222 691 3295 φρονεῖν.
728 3209 817 3290 αότὸς
834 3211 868 3276 δέ
885 3209 941 3295 τὴν
957 3207 1078 3290 σκάφην
1094 3207 1177 3288 κομί-
1190 3231 1218 3273 ιο
1309 3235 1311 3300 γ

162 3311 221 3384 ζων
243 3303 345 3391 έχεόρει
366 3304 442 3393 πρὸς
467 3305 519 3373 τδν
541 3307 705 3396 Νομήτορα
732 3313 866 3393 σπουδῆς
888 3309 939 3374 καί
963 3307 1051 3382 δέους
1073 3300 1176 3388 μεστός
1309 3317 1311 3390 λ

162 3401 206 3470 ῶν
224 3401 274 3469 διά
291 3402 344 3470 τόν
361 3403 475 3490 καιρόν.
510 3403 648 3491 ύπούίαν
664 3403 799 3486 οὖντοῖς
816 3409 882 3492 περί
900 3404 953 3483 τάς
970 3402 1065 3481 πύλας
1082 3428 1175 3487 φρου-

161 3511 224 3587 ροῖς
246 3509 298 3569 τού
321 3505 464 3588 βασιλέως
486 3505 623 3591 παρέχειν
645 3510 696 3573 καί
717 3503 911 3590 ύφοράμενος
932 3499 984 3568 ὑπ’
1005 3498 1106 3569 αύτῶν.
1125 3503 1176 3567 καί

1308 3685 1310 3724 ι

159 3599 370 3688 ταῖαπόθηθς
392 3606 460 3690 '⁸⁸9²
483 3602 536 3683 τδις
553 3602 722 3691 άποκρίσεις
740 3601 796 3672 ούκ
818 3603 906 3668 ἔλαθε
923 3597 979 3684 τὴν
996 3599 1118 3684 σκάφην
1134 3607 1189 3690 τῷ.

1304 3769 1310 3832 λ
