2670 4058
469 199 700 258 FRAGMENTA
719 209 815 260 9-14.
1083 201 1145 267 131

132 349 327 427 obsidionali]
361 350 439 430 apud
471 349 574 412 Nolam
606 350 736 431 legatum
771 351 849 412 hello
881 350 1022 430 Marsico,
1056 350 1147 432 idque

132 443 222 502 etiam
244 442 276 502 in
299 438 369 502 uilla
392 457 445 502 sun
468 439 650 521 Tusculana,
678 458 752 520 quae
776 440 834 502 fuit
856 447 959 520 postea
985 440 1146 521 Ciceronis,

130 531 235 609 pinxit.

180 639 306 706 ll*.
330 645 409 707 Pint.
428 645 510 706 Mer.
524 645 568 705 35
591 639 709 718 Σύλλας
732 641 765 706 δέ
785 643 947 722 [seditione
965 663 1005 707 επ
1027 605 1209 764 ίογῖδκεέἶῐ

8 793 12 818 ‚
130 744 276 860 Sulpiciis
290 741 374 821 orta]
388 738 468 823 παρά
482 737 537 824 τήν
550 743 648 805 οίκίαν
661 765 714 805 τον
698 743 853 824 ’Μαρίου
868 737 1048 823 διωκόμενος
1062 737 1145 805 οὐδε·
1160 762 1173 804 ε

130 835 184 915 νὸς
206 834 246 903 δν
267 836 527 922 προσδοκήσαντος
554 839 689 902 εἰσέπεσε.
726 838 777 902 καλ
803 835 874 914 τοῖς
901 837 955 921 μέν
983 831 1146 915 διάκοντας

130 937 220 1000 ἔλαθε
243 935 343 1024 δρόμφ
366 932 652 1021 παρενεχθέντας,“
637 933 689 1001 νπ’
714 932 807 1002 αότοῖι
831 935 864 1000 δέ
887 937 1013 1019 Μαρίου
1035 935 1147 1020 λέγεται

129 1031 203 1098 κατά
225 1032 324 1117 θόρας
346 1035 444 1118 ἑτέρας
466 1031 607 1116 άσφαλῶς
629 1031 841 1117 ἀποπεμφθεὶς
864 1037 1029 1100 διεκπεσεῖν
1051 1035 1093 1110 είς
1113 1029 1146 1098 τὸ

131 1128 340 1214 στρατόπεδον·
363 1128 453 1208 αὐτὸς
471 1131 504 1196 δέ
523 1129 640 1209 Σόλλας
657 1132 691 1196 έν
708 1139 769 1209 τοῖς
786 1128 998 1214 ὑπομνήμασιν
1016 1128 1053 1195 οά
1072 1149 1147 1211 φήσι

130 1235 313 1314 καταφυγεῖν
335 1225 410 1312 πρός
436 1225 489 1294 τὸν
510 1227 649 1313 Μάριον,
676 1226 739 1294 ἄλλ’
764 1225 994 1312 άπαλλαχθήναι
1021 1231 1145 1311 βουλεν-
1160 1253 1187 1294 ιο

131 1324 255 1409 σόμενος
277 1323 351 1410 ὑπὲρ
374 1318 417 1390 ῶν
439 1329 620 1404 Σουλπίκιος
645 1324 811 1412 ἠνάγκαζεν
833 1325 925 1393 αὐτὸν
947 1324 1058 1391 άκοντα
1084 1341 1146 1408 ψη-

130 1427 289 1544 φίρασθμι,
310 1420 457 1508 περισχῶν
478 1425 513 1489 έν
534 1421 682 1514 κάκλφί
652 1428 749 1507 ξίφεσι
766 1433 895 1509 γυμνοῖς
914 1425 965 1490 καί
982 1421 1146 1501 συνελάσας

6 1570 14 1590 .
129 1519 204 1605 πρὸς
225 1519 277 1587 τόν
300 1514 488 1603 Μάριον,”
468 1547 535 1605 αχρι
563 1515 600 1587 οὗ
627 1519 784 1606 προελθῶν
814 1524 930 1588 ἐκεῖθεν
953 1526 995 1600 είς
1021 1518 1145 1608 άγορδιν,

131 1616 170 1697 ῶς
191 1617 299 1702 ἠξίουν
321 1617 489 1700 ἐκεῖνοι,
460 1646 512 1696 τας
534 1617 679 1702 άπραξίας
701 1622 811 1686 ἔλυσεν

221 1714 552 1782 12*.P1nt.Su11.14
570 1715 624 1782 Ἐν
643 1717 676 1784 δέ
692 1716 785 1806 τοότφ
808 1719 921 1805 λέγεταί
935 1744 1017 1796 τινας
1035 1719 1068 1782 έν
1086 1682 1208 1782 Κε--
1155 1685 1206 1823 6668

130 1840 257 1905 ραμεικφ
284 1819 458 1899 πρεσβυτῶν
488 1812 673 1894 άκοάσαντας
704 1816 922 1903 διαλεγομένων
952 1813 1027 1899 πρὸς
1056 1812 1145 1899 άλλή-

129 1921 199 1989 λους
230 1913 281 1978 καί
311 1911 491 1990 κακιζόντων
521 1919 581 1980 τῶν
607 1912 755 1997 τύραννον
785 1909 1056 1995 [Aristionem],‘
1036 1941 1077 1992 ως
1104 1940 1145 1997 μη

129 2008 312 2093 φυλάττοντα
340 2017 394 2078 τοῦ
422 2015 535 2095 τείχους
562 2009 617 2094 τήν
644 2009 719 2096 πρὸς
745 2009 777 2078 τὸ
801 2009 1003 2096 Ἑπτάχαλκον
1032 2012 1146 2093 έφοδον

127 2109 178 2173 καῖ
199 2106 380 2193 προσβολήν,
403 2101 424 2194 ή
446 2106 524 2194 μόνῃ
543 2107 673 2175 δυνατόν
691 2105 767 2175 εῖναι
784 2110 835 2174 καί
853 2106 960 2198 ῥᾴδιον
978 2105 1145 2192 ὑπερβῆναι

127 2204 197 2284 τοῖς
218 2210 391 2291 πολεμίους,
414 2203 589 2292 άπαγγεῖλαι
610 2213 700 2272 ταῦτα
721 2205 796 2290 πρὸς
818 2203 874 2273 τόν
896 2203 1024 2272 Σίλλαν.
1066 2202 1083 2271 δ
1111 2205 1144 2270 δέ
1158 2231 1185 2272 εο

4 2315 12 2332 ’
128 2301 165 2370 οὗ
188 2303 417 2389 κατεφρόνησεν,
440 2302 514 2370 ini
533 2302 669 2370 έπελθῶν
690 2303 798 2383 νυκτὸς
820 2306 871 2370 καί
889 2302 1074 2388 θεασάμενος
1091 2301 1145 2370 τόν

126 2401 220 2469 τόπον
242 2399 391 2488 άλῶσιμον
413 2406 503 2487 εἴχετο
526 2408 578 2469 τοῦ
607 2404 704 2488 ἔργον.
724 2399 831 2489 ’Λέγει
860 2402 893 2467 δὲ
916 2399 1005 2480 αὐτὸς
1028 2398 1044 2467 ό
1068 2399 1143 2466 Σόλ-

127 2511 180 2577 λας
203 2501 236 2566 έν
257 2509 319 2578 τοῖς
340 2497 533 2584 ὑπομνήμασι
559 2498 611 2566 τὸν
632 2506 749 2584 πρῶτον
776 2497 919 2583 ἐπιβάντα
941 2506 994 2566 τοῦ
1021 2503 1144 2583 τείχους,

127 2596 260 2681 Μάρκον
278 2596 411 2682 Ἀτήϊον,
434 2595 623 2676 άντιστάντος
644 2595 724 2688 αείτῷ
745 2602 889 2680 πολεμίου
913 2596 1003 2664 δόντα
1024 2596 1144 2684 πληγήν

128 2696 160 2760 έκ
182 2703 354 2781 καταφοράς
375 2703 415 2786 τῷ
436 2695 539 2780 κράνει
561 2694 733 2782 περικλάσαι
753 2693 786 2761 τὸ
806 2699 907 2777 ξίφος,
931 2693 967 2762 οὖ
995 2693 1055 2779 μήν
1083 2693 1142 2778 άφ-
1156 2718 1183 2760 ει

127 2794 215 2858 έσθαι
236 2800 288 2878 τής
311 2793 408 2879 χῶρος
430 2791 503 2860 άλλά
527 2802 626 2877 μεῖναι
647 2794 698 2857 καί
720 2801 882 2912 κατασχεῖν.
1155 2780 1197 2880 ’86

220 2888 302 2956 13*.
321 2897 401 2956 Ρίκί.
415 2895 489 2956 Seli.
504 2894 547 2954 14
565 2889 711 2956 Ἑλεῖνδέ
722 2888 774 2968 τάς
789 2887 923 2973 Ἀθήνας
940 2887 1029 2967 αι’πός
1047 2897 1205 3092 φησινξῗ

4 3083 13 3104 χ
111 2990 160 3075 Ιέν
182 3015 243 3066 τοις
265 2987 456 3074 ὑπομνήμασι
478 2992 629 3075 Μαρτίαις
650 2985 820 3066 καλάνδαις.

219 3084 301 3151 14*.
326 3090 551 3153 Pint.snn.16
573 3083 734 3170 Γενόμενοι
752 3084 786 3151 δέ
803 3111 887 3174 κρινχ
875 3087 1005 3168 '⁴[Sulla
1019 3094 1048 3150 ei
1062 3041 1203 3150 Hor-*8-
1150 3044 1203 3182 3663

127 3192 240 3306 tensius
259 3196 331 3250 ante
345 3206 482 3266 ρκρκαικ
502 3185 758 3267 Chaeronensem]
776 3181 1051 3269 καταλαμβάνονται
1069 3186 1140 3265 βου·
1155 3209 1182 3249 ιο

126 3281 182 3350 νὸν
209 3285 241 3348 έκ
271 3284 368 3368 μέσων
396 3284 505 3349 έστῶτα
531 3289 591 3350 τῶν
614 3279 775 3348 Ἐλατικῶν
803 3286 916 3348 πεδίων
946 3280 1059 3368 εὔγεων
1091 3281 1142 3345 καλ

125 3378 287 3465 άμφιλαφή
318 3381 369 3446 και
399 3379 480 3466 παρὰ
503 3379 558 3464 τήν
580 3385 663 3468 ῥίζαν
686 3379 768 3465 υδωρ
791 3381 903 3465 ἔχοντα.
941 3375 1142 3462 Φιλοβοιωτὸς

126 3486 265 3561 καλεῖται,
287 3481 336 3544 καῖ
359 3477 413 3563 τήν
440 3476 534 3562 φάσιν
559 3475 651 3544 αὐτοῦ
673 3480 723 3544 καί
743 3475 800 3562 τήν
817 3479 905 3545 θέσιν
928 3480 1047 3544 ἐπαινεῖ
1063 3485 1140 3542 δαν-

126 3582 238 3662 μασίως
261 3574 277 3644 ό
300 3575 425 3655 Σύλλας.

944 3678 982 3734 9*
