2620 4054
169 213 235 279 332
545 187 808 270 nonuncium

135 359 172 429 3.
202 363 316 441 Vopec.
336 365 426 427 Proh.
441 363 471 439 2,
489 364 510 424 7
542 363 581 425 Et
597 364 672 426 milri
690 363 810 444 quidem
828 353 859 425 id
877 365 970 425 animi
987 363 1053 443 init,
1076 370 1190 425 utnon

171 451 336 535 Sallustios,
359 452 470 534 Liuios,
493 452 622 534 Tacitos,
641 451 755 532 Trogos
783 460 873 533 atque
900 469 1003 514 omnes
1027 452 1189 514 disertissi-

168 559 235 604 mos
257 542 392 603 imitarer
415 543 497 603 uiros
519 543 552 603 in
575 543 637 603 uita
664 543 835 622 principum
858 549 888 603 et
916 540 1102 622 temporibus
1129 541 1190 603 dis-

170 630 321 711 serendis,
348 629 400 691 sed
424 630 550 692 Marium
572 630 747 712 Maximum,
776 630 952 692 Suetonium
973 629 1189 711 Tranquillum,
1298 649 1299 706 ,

170 718 295 780 Fabium
313 718 527 800 MaroeMinum,
552 719 716 799 Gargilium
738 719 904 781 Martialem
926 727 1112 800 ceterosque,
1137 721 1219 800 quis
1298 713 1299 784 ἶ

169 808 244 870 haec
267 815 297 868 et
321 807 390 870 tolia
416 827 476 870 non
505 816 566 870 tam
592 809 705 871 diserte
733 827 823 889 quam
850 827 922 871 uere
945 811 1105 871 memoriae
1129 818 1189 870 tra·

170 895 319 959 diderunt.

134 986 169 1055 4.
197 996 292 1071 Capit.
315 996 396 1056 Olod.
415 994 526 1070 12,14
556 994 639 1065 Quae
663 993 871 1074 [seueritatem
893 996 1006 1058 Seueri
1032 997 1063 1056 eie
1087 996 1188 1056 uindi-

171 1085 274 1146 canda
294 1083 432 1160 sectione
449 1087 502 1144 uel
514 1085 727 1147 Pescennianam
744 1088 797 1148 uel
812 1083 973 1161 Clodiana]
994 1085 1047 1163 qui
1065 1082 1188 1161 diligen·

170 1174 231 1233 tius
255 1174 333 1233 scire
356 1171 439 1253 uelit,
457 1171 535 1252 legat
553 1171 681 1234 Marium
694 1172 853 1235 Maximum
873 1172 910 1234 de
929 1172 1042 1234 latinis
1061 1173 1187 1252 scripto·
1202 1195 1231 1236 ro

151 1252 264 1343 ribus,
287 1261 324 1322 de
348 1260 470 1322 Graecis
494 1261 692 1340 scriptoribus
715 1261 930 1343 Herodianum,
958 1263 1010 1340 qui
1038 1260 1075 1321 ad
1098 1260 1188 1320 fldem

171 1347 312 1429 pleraque
341 1349 489 1412 dixerunt
552 1351 622 1428 Vop.
646 1351 830 1427 Ferm.1,2
857 1349 936 1422 Quid
959 1349 1071 1410 Marius
1099 1347 1188 1410 Maxi·
1298 1409 1299 1414 ,

171 1456 247 1519 mus,
270 1438 362 1499 homo·
383 1441 515 1501 omnium
538 1439 784 1519 uerbosissimus,
803 1440 855 1518 qui
874 1445 904 1499 et
922 1438 1136 1518 mythistoricis
1156 1455 1188 1498 se

169 1526 374 1589 uoluminibus
392 1527 556 1609 inplicauit,
574 1547 646 1590 uum
665 1527 701 1589 ad
720 1529 807 1589 istam
822 1526 1053 1605 descriptionem
1073 1544 1188 1586 curam·

171 1634 230 1764 ppo
242 1615 506 1765 igninuseulorum
529 1615 746 1695 tyrannorum]
767 1610 942 1677 deseendit?
964 1614 1004 1691 cf.
1015 1614 1059 1692 fr.
1074 1614 1123 1676 12.
1138 1615 1187 1675 15.
1203 1639 1231 1680 15

137 1794 171 1862 5.
194 1801 343 1863 Ammius.
356 1802 457 1864 Mare.
472 1803 625 1864 XXVIII
639 1803 728 1883 414
746 1802 819 1881 [ser.
835 1805 916 1863 ieter
930 1820 958 1863 o.
972 1802 1046 1864 389.
1061 1803 1187 1863 1142-

171 1890 242 1951 391.
261 1889 360 1968 1144]
381 1889 506 1960 Quidam
531 1891 713 1952 detestantes
732 1899 766 1952 ut
784 1909 900 1952 uenena
920 1890 1080 1974 doctrinas,
1102 1891 1188 1953 lune·

123 2039 125 2044 .
170 1978 268 2040 nalem
292 1986 322 2040 et
345 1978 471 2040 Marium
494 1979 655 2041 Maximum
677 1983 827 2041 curatiore
852 1979 950 2042 studio
973 1980 1084 2060 legunt,
1108 1979 1188 2040 nulla

171 2067 324 2129 uolumina
355 2075 476 2148 praeter
507 2068 580 2129 haec
613 2071 645 2129 in
682 2069 831 2149 profundo
865 2071 926 2131 otio
959 2075 1187 2148 contrectantes,
1201 2091 1228 2132 so

173 2175 260 2236 quem
275 2156 313 2217 oh
329 2174 448 2218 oausam
463 2174 523 2217 non
537 2156 672 2218 iudicioli
686 2168 732 2220 est
747 2161 851 2220 nostri.
866 2161 988 2235 Lampr.
999 2159 1085 2219 Alex.
1098 2156 1150 2233 65,
1166 2157 1188 2216 4

171 2245 281 2306 Notum
309 2251 355 2305 est
382 2243 455 2304 illud
483 2247 587 2324 pietati
617 2255 685 2309 tuae
711 2247 742 2326 [i.
763 2268 787 2310 e.
811 2245 1029 2327 Constantino],
1053 2245 1132 2325 quod
1155 2247 1187 2304 in
1298 2295 1299 2320 ,

172 2334 265 2395 Mario
288 2332 414 2392 Maximo
439 2331 537 2413 legisti
560 2328 619 2419 (srss
643 2328 688 2420 2).

469 2495 700 2553 FRAGMENTA
717 2493 887 2553 VITARVM

264 2600 322 2669 1²¹³.
345 2622 391 2669 nx
409 2624 440 2670 v.
459 2624 602 2672 unnvnn
626 2611 725 2672 Sedet.
749 2612 781 2670 in
800 2609 906 2670 quen.
926 2609 1003 2669 IIII
1015 2609 1059 2670 53
1075 2628 1107 2686 p.
1125 2609 1188 2671 221

172 2698 260 2759 Iade.
297 2695 447 2760 Palfurius
472 2699 556 2778 Sura,
580 2697 745 2759 consularis
768 2694 855 2778 lilius,
879 2696 936 2758 sub
954 2697 1072 2759 Nerone
1095 2697 1186 2759 lucta·
1200 2719 1227 2760 ss

172 2794 222 2846 tus
245 2794 299 2847 est.
331 2785 409 2865 'post
427 2787 497 2849 inde
516 2806 532 2847 a
551 2786 731 2864 Vespasiano
750 2793 855 2847 senatu
874 2793 974 2862 motus
992 2787 1133 2848 transiuit
1151 2786 1187 2848 ad

172 2876 296 2936 stoicam
320 2883 444 2956 sectam,
473 2879 503 2935 in
527 2892 585 2953 qua
608 2892 676 2935 cum
704 2875 890 2952 praeualeret
913 2882 944 2937 et
965 2875 1135 2955 eloquentia
1158 2882 1187 2936 et

172 2965 245 3024 artis
268 2966 402 3042 poeticae
425 2964 532 3043 gloria,
560 2961 671 3024 abusus
699 2962 897 3025 familiaritate
925 2963 1084 3026 Domitiani
1107 2981 1186 3026 acer·

172 3051 293 3114 hissime
317 3060 417 3134 partos
440 3051 597 3114 delationis
620 3055 762 3114 exercuit.
809 3071 868 3133 quo
895 3054 1053 3116 interiecto
1081 3060 1187 3114 senatu

172 3151 336 3225 accusante,
355 3142 510 3202 damnatus
534 3147 586 3218 est,
611 3159 679 3205 cum
702 3143 830 3204 luissent
857 3145 936 3206 inter
964 3141 1111 3204 delatores
1134 3159 1184 3220 po·
1198 3163 1225 3204 eo

172 3237 270 3294 tentes
302 3230 380 3309 apud
408 3230 607 3293 Domitianum
639 3229 685 3310 hi,
711 3230 897 3310 Armillatus,
920 3230 1135 3293 Demosthenes
1158 3237 1187 3292 et

171 3317 297 3380 Latinus
320 3318 527 3400 archimimus,
550 3321 629 3381 sicut
651 3319 763 3381 Marius
784 3319 931 3381 Maximus
955 3318 1068 3382 scribit.
1090 3363 1099 3375 ,

263 3411 321 3479 2²⁸.
345 3427 393 3476 nx
415 3431 501 3478 vrrn
524 3431 669 3479 rnorem
696 3419 820 3494 Lampr.
840 3420 926 3479 Alex.
948 3417 1042 3492 65,4
1077 3416 1187 3478 Notum

171 3512 218 3566 est
240 3503 313 3564 illud
336 3505 441 3582 pietati
463 3514 541 3588 tuae,
565 3506 644 3586 quod
667 3509 699 3567 in
727 3506 819 3567 Mario
842 3505 969 3567 Maximo
992 3506 1104 3587 legisti,
1127 3523 1186 3566 me·

171 3591 277 3680 liorem
305 3610 371 3654 esse
399 3611 464 3654 rem
491 3613 520 3674 p.
544 3602 574 3656 et
601 3614 695 3676 prope
723 3597 877 3678 tutiorem,
907 3597 940 3656 in
967 3613 1025 3674 qua
1047 3596 1186 3674 princeps
1199 3617 1225 3658 es
