2620 4054
183 234 250 303 322
380 234 411 292 o.
426 234 571 292 enturvs
591 234 780 292 canermvs
800 234 999 294 suevunvs.

182 393 281 447 natam
312 402 380 446 esse
411 382 551 447 hducianr
583 384 635 446 sed
663 387 722 446 iam
749 393 882 464 paratam
910 388 1072 449 editionem
1102 395 1199 449 morte

182 480 384 552 moerentem.

148 556 183 624 2.
207 566 269 626 uid.
290 561 335 638 [ν.
351 563 379 622 1.
648 622 652 628 ,

564 661 821 718 FRAGMENTVM

116 773 174 852 68
274 766 306 836 1.
331 775 430 837 Schol.
454 777 485 836 in
505 776 612 838 quen.
628 776 726 837 1199
741 796 770 854 p.
785 777 849 838 192
867 778 955 840 John.
979 777 1063 850 Quod
1087 777 1197 840 hedum

120 861 173 912 822
185 861 276 942 [anni
290 863 341 924 69.
355 859 433 944 822]
458 864 617 943 descripsit
631 863 787 926 Cornelius
801 865 930 948 Tacitus,
945 875 1013 945 post
1025 865 1224 929 Corneliums

183 971 270 1034 uero,
292 961 327 1014 nt
345 953 460 1014 Probus
484 955 594 1032 inquit,
617 953 777 1033 Pompeius
799 953 915 1034 Planta,
939 957 992 1036 qui
1013 957 1055 1016 ait
1078 955 1198 1018 Bebria-

183 1059 252 1104 oum
275 1043 378 1103 uicum
401 1042 512 1102 distare
536 1061 553 1102 a
576 1043 722 1104 Cremona
745 1045 852 1122 uiginti
875 1043 956 1103 milia
979 1063 1130 1124 passuum.

169 1302 421 1390 dentulus
435 1303 918 1393 nnnvncnndlnlvs
929 1305 1197 1394 SECVNDVS
1297 1299 1303 1476 p

445 1449 670 1508 rnsrmonm
690 1453 739 1508 nn
757 1453 931 1534 nrsronm

147 1559 181 1628 l.
204 1567 301 1628 Notos
316 1585 345 1628 a.
361 1567 409 1627 61.
424 1567 489 1630 814
502 1570 555 1630 oei
566 1570 669 1645 iosap,
683 1585 743 1628 ons.
757 1568 834 1628 100.
848 1567 923 1643 853,
936 1569 1111 1646 mortnrmf.
1125 1571 1196 1630 114.

180 1655 258 1716 867.
277 1658 339 1718 uid.
358 1659 413 1732 qui
429 1659 474 1718 od
490 1673 559 1718 eum
572 1659 730 1731 pertinent
747 1660 848 1718 titulos
872 1658 901 1717 t'.
916 1658 942 1718 I.
957 1658 991 1717 d.
1011 1658 1040 1718 V
1053 1678 1084 1720 o.
1098 1659 1195 1719 5262.

181 1743 277 1806 5263.
296 1744 394 1806 5264.
413 1744 512 1806 5279.
532 1743 635 1804 5667.
1210 1768 1238 1808 ιο

147 1827 181 1894 2.
205 1835 283 1898 Ptin
293 1853 337 1910 ep.
349 1834 459 1896 11116
475 1831 533 1912 [od
547 1833 688 1896 Vestrioii
700 1835 793 1895 Cottii
804 1837 899 1896 amici
911 1837 995 1897 intro
1010 1839 1195 1898 iuuentutem

182 1921 247 1998 ecs.
262 1922 317 1984 97.
330 1923 398 1986 856
411 1925 526 1984 mortui
534 1929 689 2000 porcator,
703 1924 891 2000 Spurinnam
905 1931 937 1986 et
953 1923 1095 2002 Gottrom]
1109 1925 1193 1986 Com·

180 2013 317 2092 posuisse
340 2030 388 2073 me
412 2011 555 2091 quaedam
578 2011 616 2072 de
639 2011 699 2072 tiho
722 2019 825 2073 uestro
843 2031 903 2074 non
927 2013 989 2074 dixi
1012 2013 1108 2093 nohis,
1127 2032 1196 2074 cnm
1300 2087 1301 2092 γ

180 2103 316 2180 proxime
337 2100 417 2180 apud
435 2119 491 2162 uos
510 2101 561 2162 iui.
578 2133 617 2144 -
634 2118 714 2162 nuno
734 2119 853 2181 quoqne
871 2102 1024 2181 paulisper
1040 2103 1196 2182 haesitaui,
1300 2107 1301 2128 i

180 2189 211 2251 id
242 2187 339 2249 solum
369 2189 448 2268 quod
479 2191 605 2250 recitaui
635 2191 785 2250 mitterem
815 2190 1002 2269 exigentibus
1029 2191 1131 2270 nohis,
1158 2209 1197 2252 an
1210 2208 1238 2249 15

181 2277 329 2339 adicerem
344 2296 419 2356 quae
433 2279 465 2337 in
479 2276 559 2338 eliud
574 2276 715 2338 uolumen
734 2281 832 2357 cogito
851 2296 1016 2339 reseruare.
1035 2311 1071 2322 -
1089 2297 1196 2341 uerum

180 2366 340 2427 haesitanti
358 2365 440 2447 mihi,
456 2369 554 2426 omnia
569 2384 645 2445 quae
663 2368 722 2426 iam
737 2368 891 2446 composui
909 2366 997 2427 nohis
1015 2367 1196 2448 exhiberem,

181 2473 218 2516 an
237 2453 333 2516 adhuc
352 2454 450 2534 aliqua
468 2455 628 2534 differrem,
647 2452 811 2532 simplicius
834 2462 865 2516 et
882 2457 1007 2516 amicius
1030 2457 1130 2519 uisum
1150 2465 1197 2518 est
1302 2521 1303 2550 p

181 2545 293 2624 omnia,
315 2546 477 2623 praecipue
500 2559 568 2604 enm
592 2541 754 2603 adfirmetis
776 2544 855 2605 intra
879 2563 935 2605 uos
962 2545 1077 2625 futura,
1100 2546 1195 2608 donec

180 2632 295 2712 placeat
308 2634 454 2694 emittere.
462 2663 499 2676 -
512 2631 605 2707 0166
618 2633 733 2693 heom
745 2640 866 2694 statuae
879 2635 975 2696 Cottio
986 2639 1107 2712 positae
1116 2636 1155 2696 II
1165 2637 1194 2695 7.
1208 2653 1238 2694 co

145 2716 180 2783 3.
203 2723 259 2799 Ep.
272 2721 329 2783 Vs
344 2721 403 2800 [ad
418 2721 559 2782 titinium
575 2721 759 2796 Capitonem,
773 2740 802 2782 o.
816 2722 890 2784 105.
904 2722 969 2785 858
982 2728 1035 2785 uel
1046 2723 1162 2801 insen}
1177 2724 1195 2784 1

182 2809 295 2872 Suades
318 2818 353 2872 ut
373 2809 529 2870 historiam
552 2807 681 2869 scribam
704 2817 735 2872 et
762 2811 870 2872 suades
896 2829 957 2872 non
985 2812 1081 2874 solus:
1110 2811 1198 2874 multi

180 2898 238 2962 hoo
258 2917 308 2961 me
331 2916 419 2978 saepe
441 2904 632 2979 monuerunt,
651 2905 681 2959 et
700 2917 754 2978 ego
774 2899 851 2982 uolo,
871 2919 931 2961 non
952 2905 1022 2981 quia
1040 2901 1195 2962 commode

181 2989 329 3050 iacturum
357 3005 423 3048 esse
451 2986 596 3048 confidam
625 3019 667 3032 -
696 2988 749 3049 sed
778 2990 847 3068 quia
874 2989 948 3050 mihi
975 2989 1134 3069 pulchrum
1162 2992 1195 3050 in
1302 3043 1303 3056 .

180 3079 286 3158 prinde
300 3075 421 3138 uidetur
435 3093 496 3137 non
513 3077 575 3156 pati
588 3076 734 3157 occidere,
749 3077 859 3156 quihus
877 3081 1037 3140 aeternitas
1051 3078 1194 3138 debeatur
1208 3097 1237 3138 es
1301 3087 1303 3116 ²

180 3165 365 3246 aliorumque
380 3166 487 3226 [omnm
501 3183 638 3227 ormena
652 3166 822 3228 extendere.
838 3199 877 3212 -
894 3185 949 3228 cur
963 3185 1034 3244 ergo
1048 3161 1195 3227 cunctor?

181 3257 228 3333 egi
250 3273 371 3334 magnas
394 3262 425 3315 et
447 3272 555 3334 graues
578 3272 696 3316 censes:
719 3255 781 3336 has,
805 3258 922 3317 etiamsi
943 3255 1018 3316 mihi
1035 3256 1135 3316 tennis
1158 3272 1196 3316 cx

180 3345 218 3404 iis
241 3362 318 3424 spes,
341 3343 459 3405 destino
483 3350 654 3405 retractare.
668 3375 714 3388 --
728 3351 761 3404 tu
784 3353 883 3406 tamur
905 3347 964 3405 iam
982 3363 1063 3406 nunc
1087 3346 1194 3424 cogita,
1302 3341 1303 3352 ’

181 3451 256 3512 quae
278 3433 468 3513 potissimum
491 3439 625 3512 tempora
647 3433 811 3512 aggrediar.
830 3465 873 3476 -
892 3441 996 3495 uetera
1023 3441 1055 3495 et
1083 3437 1194 3512 scripta
1302 3465 1303 3498 t

180 3517 267 3582 aliis?
284 3529 387 3600 parata
400 3522 554 3600 inquisitio
568 3520 622 3582 sed
636 3538 762 3583 onerosa
776 3521 903 3584 collatio.
925 3525 1037 3585 intacta
1051 3531 1082 3586 et
1094 3518 1195 3583 noua?
1208 3546 1238 3587 so
1302 3525 1303 3546 ¹

178 3625 288 3689 graues
311 3609 448 3692 offensae,
471 3609 547 3671 leuis
570 3611 672 3690 gratie
1302 3617 1303 3628 ¹
