2638 4056
262 232 362 289 TEST.
382 240 407 290 2.
436 233 571 292 FRAGM.
604 235 634 291 L.
654 235 800 292 nvcoun
832 237 933 292 TEST.
951 243 974 294 1.
994 244 1018 293 2.
1083 237 1149 304 213

527 652 754 710 TESTIMONIA

5 781 15 810 ’
97 761 131 830 l·
156 775 265 837 Ascon.
280 778 325 837 ud
340 778 437 838 Cicer.
462 781 494 838 in
513 785 571 853 ton.
595 779 684 839 cuod.
700 795 731 853 p.
746 775 786 838 81
809 776 880 837 Post
903 775 1007 838 edecta
1030 780 1150 843 comitia

132 863 300 925 consularia
319 873 349 926 et
367 865 509 927 Catilinae
527 864 678 946 repulsam
697 865 768 926 lecit
786 883 855 927 eum
872 883 958 927 reum
977 869 1057 929 inter
1075 870 1150 930 sica-

131 955 192 1013 rios
220 951 252 1014 L.
276 952 423 1015 Lucceius
454 945 585 1034 paratus
608 954 804 1035 eruditusque
833 951 876 1032 [α.
897 954 950 1014 64.
972 954 1069 1038 699],
1098 959 1150 1038 qui

131 1048 234 1122 postea
258 1042 444 1105 consulatum
467 1062 586 1125 quoque
610 1046 705 1124 petiit.
735 1041 825 1122 [unni
842 1043 894 1104 69.
916 1044 980 1105 695
1001 1043 1147 1125 frustra]

130 1128 171 1207 cs.
192 1130 568 1208 psalteriumque
593 1131 772 1194 adulterium
800 1134 985 1194 commisisse
1014 1152 1083 1194 cum
1106 1147 1177 1215 ea,s

131 1236 207 1298 quae
231 1221 260 1280 ei
282 1228 386 1299 postea
409 1239 515 1283 socrus
537 1221 602 1301 luit,
625 1229 655 1282 et
677 1240 714 1283 ex
733 1240 768 1284 eo
787 1229 887 1283 natam
905 1230 1010 1301 stupro
1029 1222 1151 1284 duxisse

131 1326 269 1388 uxorem,
292 1326 361 1370 cum
384 1308 443 1370 filia
467 1311 531 1370 eius
555 1319 642 1372 esset.
678 1311 736 1372 lroc
759 1310 907 1373 Lucceius
931 1328 1050 1390 quoque
1074 1311 1149 1372 Cati·

131 1396 208 1458 linae
232 1396 324 1458 obicit
346 1398 377 1460 in
396 1397 589 1479 orationibus,
614 1417 687 1478 quas
708 1402 741 1461 in
764 1417 833 1460 eum
856 1400 985 1479 scripsit.

95 1473 130 1542 2·
155 1487 205 1547 lix
219 1487 350 1564 epistula
369 1488 532 1562 Ciceronis,
547 1505 638 1563 quam
657 1505 757 1550 mense
771 1489 888 1550 Martio
908 1507 936 1550 α.
952 1487 1006 1549 66.
1024 1488 1089 1550 698
1108 1492 1152 1551 od

1 1560 14 1586 ⁸
130 1575 298 1637 Lucceium
315 1579 403 1651 misit,
425 1568 485 1660 (od
497 1575 594 1653 sami.
617 1573 709 1659 V12)
732 1575 788 1654 §1
807 1577 908 1639 Genus
926 1579 1006 1638 enim
1025 1579 1191 1657 scripto-10

130 1681 198 1726 rum
222 1672 357 1746 tuorum,
380 1667 438 1727 etsi
460 1672 525 1726 erat
548 1683 665 1746 semper
684 1683 700 1726 a
719 1683 767 1726 me
786 1665 980 1728 uehementer
998 1676 1151 1746 exspecta·

131 1763 207 1834 tum,
238 1761 337 1815 tamen
366 1756 440 1816 uicit
469 1756 639 1834 opinionem
667 1771 762 1816 meam
790 1772 897 1834 meque
925 1757 966 1816 ita
993 1754 1044 1816 uel
1070 1757 1152 1835 cepit

133 1841 182 1903 uel
204 1843 347 1923 incendit,
370 1851 404 1904 ut
427 1861 569 1922 cuperem
593 1862 682 1924 quam
705 1842 860 1904 celerrime
884 1861 934 1904 res
952 1854 1070 1905 nostras
1088 1861 1151 1904 mo·

131 1933 274 1993 nimentis
287 1932 488 1994 commendari
502 1934 570 1994 tuis.
594 1950 692 2012 neque
707 1933 786 1993 enim
800 1950 848 1992 me
862 1931 958 1992 solum
973 1949 1150 1993 commemo-

131 2022 206 2081 ratio
221 2022 405 2102 posteritatis
423 2021 460 2082 ad
479 2038 562 2102 spem
581 2021 729 2102 quandam
743 2020 973 2081 immortalitatis
992 2023 1078 2102 rapit,
1097 2021 1191 2082 sed1⁵

131 2111 220 2170 ctiam
243 2108 292 2171 illa
316 2110 477 2191 cupiditas,
505 2119 539 2172 ut
566 2109 615 2172 uel
643 2112 820 2172 auctoritate
843 2110 1006 2170 testimonii
1033 2110 1079 2170 tui
1101 2108 1151 2194 uel

131 2197 241 2259 iudicio
262 2198 488 2260 beneuolentiae
506 2198 557 2261 uel
575 2202 722 2261 suauitate
741 2199 855 2278 ingenii
873 2199 932 2259 uiri
950 2197 1149 2276 perfruamur.

132 2319 173 2330 -
189 2281 252 2369 (22)
271 2290 341 2367 quia
358 2287 497 2349 uidebam
516 2287 638 2350 ltalici
656 2288 744 2349 belli
763 2298 798 2349 et
816 2285 941 2349 ciuilis
958 2286 1151 2348 historiam

131 2377 189 2436 iam
204 2393 220 2436 a
235 2383 265 2437 te
279 2394 373 2456 paene
387 2393 455 2438 esse
467 2377 639 2457 perlectam,
649 2377 767 2438 dixeras
782 2384 881 2438 autem
894 2375 968 2437 milri
980 2382 1010 2437 te
1020 2374 1151 2456 reliquas

132 2479 182 2525 res
205 2464 308 2546 ordiri,
331 2466 435 2528 deesse
454 2466 528 2527 milri
547 2466 638 2547 nolui,
661 2467 734 2545 quin
753 2475 783 2526 te
801 2466 1001 2546 admonerem,
1019 2474 1054 2526 ut
1072 2466 1152 2544 cogi·
1165 2476 1192 2516 ²⁰

133 2561 228 2634 tares,
251 2555 449 2616 coniunctene
472 2555 575 2616 malles
598 2573 667 2616 cum
690 2554 815 2634 reliquis
837 2552 929 2614 rebus
956 2561 1058 2614 nostra
1081 2571 1152 2613 eon-

134 2649 235 2704 texcre
258 2660 309 2723 an,
336 2652 372 2705 ut
394 2643 481 2706 multi
504 2644 608 2705 Graeci
639 2644 790 2724 lecerunt,
815 2673 852 2686 -
879 2649 913 2703 tu
936 2659 1055 2721 quoque
1079 2643 1152 2701 item

132 2730 252 2794 ciuilem
267 2733 503 2793 coniurationem
518 2732 554 2794 ab
568 2731 728 2794 hostilibus
742 2733 933 2811 externisque
947 2729 1034 2792 hellis
1053 2731 1152 2790 seiun-

133 2838 227 2900 geres.
243 2853 285 2864 -·
301 2812 366 2904 (3:)
389 2823 490 2902 itaque
513 2829 543 2882 te
566 2819 653 2900 plane
674 2824 763 2882 etlam
787 2828 876 2899 atque
900 2820 988 2880 etiam
1012 2835 1094 2899 rogo,
1116 2825 1152 2879 ut

134 2918 165 2970 et
188 2927 278 2970 ornes
301 2927 335 2970 en
359 2910 566 2971 uehementius
590 2912 692 2990 etiam,
716 2925 803 2990 quam
834 2908 960 2969 sortasse
989 2909 1098 2987 sentis,
1121 2913 1152 2968 et
1165 2916 1191 2959 2⁶

132 3000 162 3058 iu
187 3016 222 3059 eo
251 2998 331 3077 leges
359 2998 501 3060 historiae
528 2998 668 3079 neglegas
695 2999 880 3079 gratiamque
906 2996 999 3077 illam,
1027 2995 1064 3056 de
1093 3013 1151 3075 qua

133 3089 309 3148 suauissima
325 3087 476 3166 quodam
495 3090 529 3148 in
549 3090 733 3168 prooemio
748 3087 905 3166 scripsisti,
919 3104 936 3145 a
950 3103 1007 3166 qua
1022 3092 1052 3146 te
1070 3083 1152 3145 flecti

131 3194 191 3238 non
215 3178 311 3255 magis
327 3178 461 3256 potuisse
481 3177 668 3238 demonstras
687 3193 775 3257 quam
793 3174 953 3237 Herculem
972 3172 1152 3253 Xenophon-

132 3266 207 3325 tium
230 3264 315 3326 illum
338 3283 354 3327 a
377 3264 539 3346 uoluptate,
563 3283 637 3347 eam,
661 3268 752 3327 sime
770 3263 827 3325 tibi
846 3263 1053 3326 uehementius
1071 3279 1150 3323 com-

131 3352 295 3435 mendabit,
317 3372 357 3416 ne
375 3371 535 3434 aspernere
553 3357 706 3434 amorique
731 3360 833 3414 nostro
856 3351 1026 3432 plusculum
1050 3353 1148 3432 etiam,
1163 3362 1190 3402 ³0

132 3460 220 3521 quam
239 3443 384 3504 concedet
401 3445 523 3522 ueritas,
542 3443 676 3522 largiare.
694 3476 731 3486 —
749 3436 813 3524 (42)
833 3443 859 3502 si
877 3440 1010 3522 liberius,
1028 3449 1063 3501 ut
1081 3457 1151 3500 con·

131 3534 234 3612 suesti,
249 3531 396 3610 agendum
410 3531 539 3613 putabis,
553 3531 714 3593 multorum
729 3533 761 3592 in
775 3547 831 3591 nos
844 3529 1008 3610 perfidiam,
1018 3527 1151 3607 insidias,

131 3620 332 3700 proditionem
368 3620 494 3684 notabis.
535 3621 575 3698 cs.
599 3624 643 3682 ad
668 3622 727 3682 Att.
748 3621 769 3680 I
773 3620 799 3680 V
817 3619 893 3699 6,4
921 3617 963 3696 [c.
991 3618 1045 3679 66.
1071 3615 1150 3693 698]
