2638 4056
181 252 245 319 198
254 249 393 309 eonon.
403 247 726 308 isserninus-e.
736 244 1195 306 sonismsnnsrunacun.

535 400 845 490 PRO-CILIVS

553 531 811 589 TESTIMONIVM

147 626 180 696 l.
207 634 304 695 Cicer.
333 635 377 694 od
402 629 618 710 Att.112,2
650 622 725 713 (scr.
749 646 778 690 o.
803 627 857 689 60.
883 609 964 712 694)
1001 627 1026 690 0
1056 646 1197 708 magnum

179 722 332 786 homiuem
357 717 612 798 [Dicaearchum]
646 725 677 780 et
703 717 783 780 unde
809 715 910 787 multo
941 716 1028 798 plura
1055 717 1196 780 didiceris

181 829 271 892 quam
291 810 330 872 de
353 807 495 872 Procilio!

575 887 806 946 FRAGMENTA
865 909 873 938 κ

117 1004 172 1084 {i}
272 999 304 1070 l.
335 1005 424 1067 Vurr.
448 1007 487 1067 de
508 1007 526 1066 l.
550 1006 569 1065 l.
599 1002 708 1064 2148
744 1001 778 1071 In
806 1001 872 1064 foro
895 1000 993 1064 lacum
1020 999 1196 1063 Curtinma

118 1093 285 1158 ³⁹2curtio
308 1093 421 1158 dictum
444 1099 574 1173 constat,
597 1091 687 1153 etde
711 1107 746 1152 eo
769 1092 882 1172 triceps
904 1090 1042 1152 historia:
1069 1107 1138 1152 nam
1166 1097 1225 1151 eto

180 1183 327 1248 Procilius
349 1201 409 1244 non
433 1182 512 1244 idem
535 1180 667 1260 prodidit
690 1179 770 1261 quod
792 1179 862 1242 Piso
886 1177 943 1260 [fr.
965 1178 1015 1261 6]‚
1037 1197 1094 1242 neo
1117 1179 1195 1260 quod

181 1275 220 1354 is,
244 1269 268 1354 †
291 1270 448 1335 Cornelius
472 1269 546 1332 Stilo
569 1277 701 1333 secutus.
737 1268 762 1330 Α
785 1268 914 1340 Procilio
937 1268 1077 1349 relatum,
1106 1269 1138 1330 in
1161 1287 1196 1329 ao

180 1361 246 1425 loco
270 1361 389 1424 dehisse
408 1368 519 1423 terram
537 1366 568 1420 et
586 1359 616 1420 id
636 1377 672 1420 ex
691 1365 813 1422 senatus
831 1356 968 1421 consulto
987 1357 1024 1420 ad
1043 1358 1196 1438 aruspices

180 1450 307 1512 relatum
327 1467 402 1511 esse.
425 1466 603 1528 responsum
620 1447 709 1510 deum
727 1443 752 1530 †
769 1446 867 1509 Manio
885 1446 1075 1528 postilionem
1092 1454 1195 1526 postu·

181 1539 255 1620 lare,
280 1539 311 1600 id
334 1546 381 1600 est
403 1539 502 1601 ciuem
525 1537 723 1598 fortissimum
745 1554 781 1599 eo
805 1536 923 1599 dimitti.
959 1544 1024 1598 tum
1047 1535 1195 1617 quendam
1211 1549 1239 1590 ιο

180 1627 317 1691 Curtium
340 1629 441 1688 uirum
464 1627 572 1688 fortem
595 1633 741 1687 armatum
760 1625 930 1688 ascendisse
948 1626 980 1690 in
998 1642 1109 1706 equum
1130 1632 1161 1686 et
1179 1642 1195 1685 a

180 1715 345 1778 Concordia
369 1733 492 1777 uersum
515 1732 584 1776 oum
607 1732 691 1796 equo
708 1732 744 1776 eo
772 1716 1008 1796 praecipitatum.
1054 1731 1091 1775 eo
1117 1713 1195 1775 iacto

176 1804 278 1866 locum
302 1806 398 1866 coisse
421 1811 510 1885 atque
533 1805 599 1865 eius
618 1821 728 1883 corpus
746 1803 893 1866 diuinitus
907 1803 1054 1865 humasse
1073 1821 1107 1864 ac
1127 1802 1195 1865 reli-

182 1895 283 1975 quisse
306 1895 389 1974 genti
410 1910 482 1955 suae
505 1900 740 1954 monumentum.
763 1885 819 1978 (cs.
838 1879 939 1955 Lutrit.
959 1892 1002 1970 fr
1017 1883 1063 1976 4)

115 1978 171 2061 ‚82
270 1977 304 2045 2.
328 1983 405 2045 Ptin.
424 2001 453 2045 n.
472 1983 501 2044 h.
523 1981 641 2043 VIII4
664 1980 774 2043 Romae
796 1983 892 2044 iuncti
916 1978 1117 2060 [elephantes]
1134 1981 1237 2063 pri-1⁵

117 2071 262 2134 iiimum
294 2071 414 2134 subiere
442 2089 564 2133 currum
592 2069 716 2150 Pompei
742 2069 842 2151 Magni
868 2069 1007 2133 Africano
1033 2069 1195 2151 triumpho,

180 2161 260 2243 quod
273 2163 359 2240 prins
371 2159 455 2222 India
468 2161 549 2221 uicta
562 2158 766 2240 triumphante
780 2159 889 2222 Libero
903 2168 987 2241 patre
1004 2167 1194 2221 memoratur.
1311 2199 1312 2216 .

178 2248 326 2312 Procilius
337 2256 424 2328 negat
433 2247 1091 2330 potuissePompeitriumphoiunctosegredi
1100 2253 1194 2328 porta.

269 2333 303 2402 3.
334 2337 423 2399 Vorr.
447 2340 485 2400 de
508 2342 525 2400 l.
545 2342 562 2400 l.
589 2337 700 2399 V154
726 2336 853 2400 Intimns
880 2339 980 2400 circus
1007 2336 1044 2398 ad
1067 2334 1193 2398 Murcim
1311 2329 1312 2352 ¹

178 2433 315 2508 uocatur,
337 2435 371 2489 nt
389 2425 537 2490 Procilius
560 2425 658 2488 alebat
676 2425 713 2488 ab
731 2427 840 2508 urceis,
864 2427 944 2507 quod
962 2427 989 2487 is
1007 2424 1092 2487 locus
1115 2432 1194 2486 esset
1208 2437 1237 2478 ιο

178 2515 258 2577 inter
280 2514 395 2596 figulos.

453 2659 762 2749 SORIBONIVS
798 2660 923 2746 LIBO

215 2791 289 2862 (iuri
314 2792 346 2849 L.
367 2789 469 2860 ueriti,
492 2790 542 2861 qni
566 2791 593 2848 S.
598 2790 735 2874 Pompei
763 2807 843 2846 socer
869 2788 936 2859 ont,
965 2786 1106 2843 Ciceronis
1129 2789 1159 2844 ei

397 2833 531 2918 Varronis
549 2862 665 2932 amicus,
684 2877 709 2917 o.
728 2867 772 2917 84.
792 2866 844 2917 rio
863 2832 981 2930 consid.)

176 2984 179 2988 ’
559 2965 814 3024 TESTIMONIVM

145 3058 179 3130 l.
207 3065 267 3127 Cic.
291 3067 341 3126 ud.
365 3065 424 3126 Act.
444 3065 535 3126 XIII
549 3064 643 3146 44,3
666 3063 741 3136 (scr.
765 3080 793 3124 o.
817 3064 870 3124 45.
896 3061 979 3138 709)
1011 3061 1127 3126 Cottam
1154 3064 1196 3125 mi

178 3153 270 3216 uelim
293 3154 402 3215 mittas.
439 3151 582 3215 Libonem
605 3169 722 3214 mecum
745 3149 849 3214 haheo.

484 3267 645 3326 ANNALIS
664 3269 894 3328 FRAGMENTA

118 3363 169 3415 132
272 3359 304 3430 l.
331 3368 428 3430 Cicer.
451 3368 496 3427 ud
516 3366 576 3428 Au.
595 3366 686 3428 XIII
704 3366 759 3442 30,
777 3367 799 3428 3
822 3369 896 3440 (scr
915 3385 944 3430 o.
963 3367 1016 3428 45.
1042 3366 1124 3442 709)
1146 3365 1196 3446 hi,

117 3454 169 3504 622
180 3455 305 3520 sicunde
332 3462 431 3535 potes,
454 3471 556 3534 ornes,
580 3456 633 3537 qui
660 3455 764 3518 decem
791 3455 881 3535 legati
905 3455 1047 3518 Mummio
1074 3455 1237 3518 herimo

179 3543 321 3625 Polybius
340 3561 400 3605 non
419 3501 561 3624 nominai,
584 3561 639 3624 ego
658 3546 781 3606 memini
798 3543 938 3606 Albinum
957 3543 1144 3608 consularem
1165 3551 1196 3606 et

180 3631 229 3712 Sp.
253 3630 436 3695 Mummium.
473 3631 580 3693 uideor
602 3632 721 3694 audisse
749 3650 785 3694 ex
809 3631 982 3716 Hortensio,
1005 3632 1194 3698 Tuditanum
