2640 4052
431 233 660 292 FRAGMENTA
680 241 828 294 too-111.
1094 237 1139 304 63

124 386 241 468 tulerat,
255 385 389 467 elapsum
404 403 481 467 asse,
494 403 562 448 cum
577 384 703 447 aliorum
720 387 921 449 monumentis
939 395 1003 448 turn
1018 384 1138 449 Gatonls

123 477 257 539 oratioue
267 482 408 538 testatum
419 482 473 538 eat.
483 475 550 538 liu.
556 474 676 552 pereo
690 473 764 538 Cum
774 474 988 538 L.Scribonlue
998 475 1138 540 uibunua

122 564 219 647 piebis
243 566 427 644 rogationem
450 562 681 645 promulgasset,
704 571 739 626 ut
757 563 905 647 Lusitani,
929 567 981 646 qui
999 567 1031 628 in
1049 565 1137 628 ssdom

122 653 233 736 populo
252 653 384 716 Romano
405 653 499 715 dediti
513 651 550 714 ab
565 651 671 715 Seruio
687 651 777 716 Galba
792 656 823 716 in
838 653 961 716 Galliam
975 656 1138 736 uenissent,

122 745 154 806 in
174 742 344 806 libertatem
362 743 602 824 restituerentur,
621 739 659 804 it.
674 740 745 804 Cato
765 745 909 806 acerrimo
924 745 1025 808 suasit.
1059 751 1166 806 extata

123 833 219 894 oratio
243 839 274 894 et
296 833 328 894 in
352 829 507 894 annalibus
530 831 625 912 ipsius
648 830 772 895 inclusa.
805 831 839 906 Q.
861 831 986 896 Fuluius
1004 831 1139 894 Nobilior

123 923 164 1004 ei,
189 938 277 1001 saepo
301 919 338 984 ab
361 939 397 983 eo
420 922 452 982 in
476 927 581 982 senatu
604 919 765 1002 laceratus,
788 921 943 1002 respondit
960 939 1016 1002 pro
1035 919 1139 1002 Galba;

123 1012 187 1091 ipse
217 1027 337 1090 quoque
365 1008 457 1072 Galba
485 1027 553 1072 cum
583 1027 616 1071 se
644 1009 778 1073 damnari
809 1010 939 1091 uideret,
967 1009 1140 1090 complexus

123 1099 199 1162 duos
223 1097 300 1161 tilios
323 1105 525 1178 praetextatos
549 1105 579 1160 et
598 1097 712 1179 Sulpici
731 1097 805 1161 Galli
823 1098 930 1181 tilium,
952 1100 1039 1160 cuius
1057 1105 1140 1160 tutor

123 1196 201 1269 erat,
224 1188 265 1250 ita
288 1185 499 1250 miserabiliter
521 1205 577 1268 pro
601 1205 632 1248 se
657 1187 774 1250 locutus
797 1196 856 1269 ost,
879 1195 914 1250 nt
933 1189 1047 1268 rogatio
1066 1187 1140 1248 antl-
1155 1207 1182 1250 ao

123 1284 276 1357 quaretur.
1199 1341 1205 1356 ¹

217 1359 299 1428 lot.
323 1367 427 1428 mont.
443 1367 526 1444 epist.
541 1367 585 1428 od
602 1366 685 1428 Coeo.
701 1365 852 1444 1112012.
862 1367 909 1427 5⁷
924 1367 958 1428 Ν.
983 1364 1054 1428 Gato
1069 1363 1140 1446 quid

125 1456 205 1519 dicat
218 1454 256 1516 da
271 1453 361 1516 Galba
376 1453 521 1537 absoluto,
536 1463 569 1516 tu
588 1453 695 1516 mellus
710 1455 783 1536 scis3
806 1472 861 1535 ego
880 1456 1003 1518 memini
1016 1461 1141 1536 propter

125 1544 227 1606 iratrls
255 1542 332 1605 lilios
361 1560 430 1604 eum
457 1541 635 1605 absolutum.
677 1537 761 1606 τὸδ’
787 1533 993 1626 dapcdlcipso
1017 1545 1140 1625 inspico.

125 1631 197 1695 Cato
220 1633 313 1711 igitur
335 1631 489 1694 dissuadet
513 1649 589 1694 nouo
613 1649 684 1694 suos
707 1649 784 1694 noue
808 1631 919 1695 alienos
942 1633 1010 1714 quis
1029 1631 1139 1695 liberos
1157 1653 1181 1696 u

125 1720 161 1784 ad
185 1719 420 1784 misericordiam
440 1719 654 1784 conciliandam
675 1719 821 1801 producat
839 1739 915 1784 neus
934 1739 1044 1784 uxorea
1065 1739 1142 1784 naue

126 1809 239 1872 adlines
263 1808 312 1872 uel
334 1808 410 1872 ullae
433 1811 553 1872 omnino
577 1809 711 1872 feminas.

218 1902 300 1970 108.
326 1909 398 1970 Geli.
413 1907 503 1970 XIII
513 1907 555 1970 25
570 1899 658 1992 (24),
672 1909 712 1969 15
736 1905 841 1970 itidem
856 1906 928 1970 Cato
942 1927 978 1972 ex
993 1911 1142 1990 originum

126 2012 178 2060 vit
202 1997 232 2060 ln
256 1998 403 2077 oratione,
427 2014 516 2078 garam
539 2004 643 2059 contra
668 1995 807 2060 Seruium
826 1995 947 2060 Galbam
971 1998 1055 2080 dixit,
1074 2016 1143 2062 con·

125 2085 264 2168 pluribus
297 2083 451 2148 uocabulis
483 2103 574 2166 super
602 2085 705 2148 eadem
732 2103 766 2148 re
789 2103 863 2149 usus
891 2093 949 2150 eet:
982 2086 1073 2150 Multa
1095 2104 1142 2148 me
1157 2108 1184 2150 ao

126 2174 282 2238 dehortata
297 2181 368 2238 sunt
381 2173 440 2236 buc
455 2174 585 2256 prodire,
604 2175 682 2257 anni,
696 2183 787 2256 aetas,
800 2193 869 2258 uox,
884 2177 974 2258 trinas,
991 2183 1143 2238 senectus:

127 2281 234 2327 uerum
262 2265 342 2326 enim
369 2281 457 2346 uero,
485 2282 554 2326 cum
582 2270 693 2326 tantam
720 2282 784 2327 rem
811 2265 949 2346 peragier
971 2263 1144 2344 arbitrarer,

127 2399 202 2416 ....
227 2346 281 2436 (es.
300 2370 426 2416 carmen
445 2355 484 2416 de
498 2356 551 2430 fig.
566 2351 630 2414 139
642 2370 705 2430 sqq.
725 2371 755 2432 p.
773 2352 870 2416 6811.
908 2352 962 2416 Est
985 2354 1143 2420 conductio

127 2459 245 2524 conque
269 2443 415 2524 progatio,
434 2459 503 2504 cum
522 2441 680 2504 adcumulo
699 2458 757 2504 res.
794 2441 884 2506 Multa
906 2442 1064 2506 hortantur
1082 2461 1143 2506 me:

127 2549 187 2612 res,
206 2537 295 2702 ae)tas,
311 2537 442 2612 tempus,
456 2532 553 2612 amici,
567 2529 728 2593 concilium
742 2538 840 2594 tantae
854 2530 959 2614 plebis,
973 2528 1144 2613 †dcnuntla
1159 2551 1185 2596 aa

126 2627 254 2684 uatum.

219 2710 301 2780 109.
328 2717 400 2780 Geli.
417 2716 491 2792 112,
502 2717 545 2779 17
568 2709 606 2780 lli.
620 2715 691 2779 Cato
706 2716 743 2779 de
753 2716 914 2798 Lusitanis,
923 2735 992 2780 cum
1003 2715 1143 2780 Seruium

128 2805 251 2868 Galbam
279 2807 444 2868 accusauit:
472 2804 584 2869 Tauron
616 2804 721 2868 dicunt
752 2803 880 2868 delicere
908 2804 1048 2868 uoluisse.
1090 2823 1144 2886 ego

129 2912 178 2956 me
196 2911 277 2957 nunc
296 2893 365 2956 uolo
383 2895 431 2958 ius
449 2895 636 2976 pontitioium
655 2895 765 2975 optima
780 2893 872 2956 sciret
895 2894 991 2957 lamna
1006 2911 1040 2956 ea
1055 2911 1144 2956 catasa

128 2983 263 3064 poutiiax
286 2979 408 3063 capiar?
438 2986 464 3044 si
487 2983 556 3072 uplo
579 2984 738 3064 augurium
766 2983 877 3063 optima
900 2990 1016 3064 tenere,
1040 2984 1143 3064 acquic
1158 2995 1185 3040 ao

129 3089 178 3134 mo
201 3071 239 3135 ob
264 3089 358 3134 meam
382 3117 389 3134 .
409 3119 415 3134 .
435 3119 468 3134 ..
493 3089 635 3153 augurem
659 3067 777 3152 capiat?

222 3164 304 3233 110.
328 3172 402 3234 Non.
420 3189 443 3232 s.
463 3187 493 3232 u.
509 3173 713 3247 pisculentum
722 3189 754 3248 p.
769 3168 829 3230 151
853 3167 924 3231 Cato
938 3169 1088 3249 originum
1102 3203 1143 3216 —

129 3258 208 3322 libro
222 3274 286 3322 vn:
306 3258 445 3322 Fluuium
459 3258 618 3342 Hiberum3
640 3261 666 3321 is
681 3260 778 3321 oritur
792 3276 827 3321 ax
842 3257 1006 3340 Cantabria,
1019 3275 1145 3338 magnus

131 3356 220 3430 atque
243 3347 383 3430 pulcher,
405 3347 599 3428 pisculentua.

223 3440 305 3509 111.
328 3431 407 3509 l'eat.
425 3465 448 3508 s.
468 3465 496 3509 u.
516 3443 815 3526 contemptamur.
848 3441 886 3506 Μ.
905 3442 976 3507 Gato
995 3445 1143 3524 originum
1157 3454 1184 3500 aa

131 3534 160 3599 n
175 3549 241 3598 v11:
265 3533 323 3608 Qun
341 3537 547 3616 magistratum
565 3534 700 3598 curulem
719 3535 862 3615 cepisset,
885 3531 1000 3596 calceos
1019 3531 1145 3596 mulleos

131 3623 211 3688 aluta
235 3625 367 3707 uinctos,
390 3625 484 3688 ceteri
507 3641 698 3704 perones...
