2638 4056
462 209 691 268 FRAGMENTA
709 215 823 269 oe-ar.
1090 211 1154 278 183

227 356 285 425 64.
310 364 385 424 Non.
408 381 431 424 s.
455 381 488 442 ιι.
508 380 639 439 crepare
659 380 690 438 p.
708 361 774 422 255
808 361 932 423 Sisenna
961 361 1154 426 historiarum

136 451 213 514 libro
236 451 302 512 llll:
326 450 500 531 Conglobati
523 458 553 512 et
576 449 693 512 collecti
716 458 897 530 concrepant
920 454 1020 514 armis.

227 535 285 603 66.
301 542 376 604 Noa.
391 559 413 602 s.
428 560 457 602 ιι.
470 540 638 618 festinarim
650 558 680 616 p.
691 540 756 600 514
772 539 896 602 Sisenna
910 540 1014 603 histor.
1025 539 1075 604 lib.
1086 540 1153 602 llll:

136 629 262 692 Praetor
289 629 451 692 festinatirn
480 629 516 692 de
544 627 673 691 castellis
701 628 737 690 ad
766 636 862 690 castra
890 631 1017 692 maxima
1044 629 1154 710 peditis

137 718 287 781 conducit.
1168 731 1182 772 ⁵

227 803 286 870 66.
310 809 385 870 Noc.
404 827 427 870 s.
446 827 476 869 ιι.
495 808 787 884 exinanitop.107
813 807 937 870 Sisenna
961 808 1154 870 historiarum

135 896 214 958 libro
237 895 303 958 llll:
332 895 465 976 Denique
490 898 648 958 exinanitis
676 899 783 958 castris
807 896 945 980 Romani,
975 900 1026 977 qui
1053 897 1154 960 clauso

136 1003 169 1056 se
193 985 258 1048 loeo
282 992 442 1065 potuerant
465 984 619 1067 expedire,
635 1033 641 1046 .
658 1033 665 1045 .
680 1033 686 1048 .
703 1033 708 1046 .

228 1069 286 1138 67.
311 1074 387 1136 Non.
404 1093 426 1136 s.
441 1094 470 1137 ιι.
481 1078 643 1153 proprium
652 1093 684 1152 p.
699 1074 764 1135 361
788 1074 914 1137 Sisenna
937 1075 1079 1137 historiae
1103 1075 1153 1138 lib.

137 1163 204 1226 llll:
237 1162 407 1225 Victoribus
439 1164 560 1243 proprie
594 1181 689 1248 spem,
722 1165 812 1225 uictis
840 1164 984 1225 aduersae
1017 1164 1153 1226 fortunae
1169 1177 1195 1216 10

137 1255 280 1315 maiorem
304 1252 493 1314 formidinem
517 1252 635 1314 obiecit.

228 1336 286 1404 68.
311 1343 386 1403 Noa.
411 1361 433 1404 s.
457 1361 486 1404 ιι.
511 1345 666 1404 insinuari
684 1361 715 1422 p.
731 1343 773 1404 58
807 1341 931 1404 Sisenna
962 1341 1161 1404 historiarum
1191 1377 1193 1383 ·

138 1430 215 1492 libro
238 1430 305 1492 llll:
334 1430 447 1511 hgmen
475 1430 682 1510 perturbatum
710 1431 819 1511 peditis
848 1434 1001 1494 insinuant
1029 1451 1062 1494 ac
1090 1431 1155 1493 loco

138 1528 336 1582 commouent.

228 1604 284 1670 69.
308 1611 383 1671 Non.
399 1627 421 1671 s.
435 1613 635 1687 mprotelare
649 1628 680 1687 p.
695 1610 762 1670 363
792 1609 916 1672 Sisenna
940 1609 1008 1671 hist.
1024 1608 1072 1670 lib.
1088 1609 1155 1671 llll:
1171 1620 1197 1662 1⁵

137 1698 219 1760 Duae
234 1698 373 1760 cohortes
388 1697 424 1760 de
439 1697 573 1759 subsidio
587 1698 755 1777 procedunt
765 1707 854 1778 atque
869 1702 985 1779 equites
997 1697 1155 1778 protelant.

229 1782 286 1850 76.
311 1789 387 1849 Non.
405 1807 428 1849 a.
447 1806 477 1850 ιι.
498 1795 652 1849 certamen
671 1807 705 1865 p.
719 1788 782 1848 195
814 1787 939 1850 Sisenna
962 1788 1155 1849 historiarum

138 1875 215 1938 libro
238 1875 306 1938 llll:
334 1875 441 1938 laculis
476 1875 615 1937 celeriter
643 1879 827 1956 consumptis
855 1877 892 1937 ad
921 1874 1033 1957 gladios
1061 1885 1156 1939 certa-

138 1967 250 2027 tionem
275 1973 503 2046 reuocauerunt.
975 2033 980 2042 ¹

230 2049 284 2116 71.
309 2056 384 2116 Noa.
399 2074 421 2116 s.
436 2074 466 2117 ιι.
480 2061 612 2116 meteres
622 2072 652 2131 p.
668 2055 736 2115 556
754 2053 835 2116 Idem
852 2052 1009 2132 [Sisenna]
1026 2052 1075 2114 lib.
1087 2052 1154 2115 llll:
1169 2065 1196 2105 2⁰

136 2142 213 2204 Galli
226 2142 390 2205 materibus
405 2150 456 2206 aut
470 2143 581 2204 lanceis
595 2150 693 2204 tamen
708 2143 840 2205 medium
854 2141 1032 2222 perturbant
1041 2160 1155 2223 agmen.

230 2227 285 2295 72.
309 2234 384 2296 Noa.
398 2252 422 2294 s.
436 2252 466 2296 ιι.
480 2236 681 2294 molimeotum
690 2251 721 2310 p.
737 2233 801 2294 142
821 2232 946 2294 Sisenna
961 2232 1156 2293 historiarum

137 2320 214 2382 libro
234 2320 301 2382 llll:
325 2320 435 2382 Contra
453 2339 559 2401 magno
579 2339 647 2382 cum
666 2321 838 2383 molimento
858 2340 891 2383 ac
910 2328 1057 2401 perpetuo
1079 2339 1155 2382 sonu

136 2409 313 2490 procedunt.
1155 2421 1157 2428 ·

229 2494 284 2561 76.
309 2500 384 2560 Non.
402 2518 425 2560 s.
443 2518 473 2560 ιι.
493 2501 630 2576 expediti
648 2518 679 2576 p.
694 2499 736 2560 58
760 2499 886 2560 Sisenna
909 2497 1050 2561 historiae
1075 2498 1151 2560 libro
1167 2508 1195 2550 2⁵

138 2587 204 2649 1111:
228 2587 362 2649 lnermos
385 2589 499 2670 armati,
522 2587 681 2667 impeditos
705 2588 836 2667 expediti
859 2589 923 2648 sine
947 2586 1006 2647 ullo
1031 2605 1156 2648 suorum

139 2676 265 2738 uulnere
289 2684 413 2738 cunctos
436 2677 629 2738 interficiunt.

230 2769 286 2836 74.
311 2776 386 2836 Non.
400 2794 423 2836 s.
437 2793 467 2836 ιι.
482 2778 649 2836 amolimini
657 2793 688 2852 p.
707 2773 749 2833 73
773 2773 898 2834 Sisenna
917 2772 1059 2835 historiae
1078 2772 1155 2834 libro

138 2862 205 2926 llll:
224 2863 473 2943 Impedimentum
493 2881 579 2925 omne
599 2864 635 2925 de
650 2865 767 2924 cunctis
786 2861 945 2924 itineribus
964 2860 1155 2923 amoliuntur.

138 2945 197 3035 (=
210 2956 299 3028 ploos.
322 2953 410 3028 Vero.
425 2971 473 3031 op.
489 2953 574 3014 Lioo.
589 2953 629 3013 II
644 2971 674 3029 p.
688 2952 757 3013 373
770 2943 829 3034 sq.)
1098 2977 1101 2986 ,
1168 2965 1197 3004 ιο

230 3044 287 3112 76.
312 3052 386 3112 Non.
408 3069 430 3112 s.
454 3069 484 3112 ιι.
508 3051 668 3111 dubitarim
687 3069 718 3128 p.
738 3049 780 3110 98
814 3049 939 3111 Sisenna
962 3047 1156 3110 historiarum

138 3138 215 3217 libro
229 3137 297 3199 llll:
321 3137 405 3210 Quod
425 3137 541 3200 hostem
556 3134 616 3199 non
631 3137 789 3200 dubitatim
803 3157 870 3200 oum
885 3138 995 3217 pluteis
1014 3157 1048 3199 ac
1068 3137 1156 3199 scalis

139 3229 197 3288 iter
221 3226 319 3288 lacere
344 3227 493 3290 cernebat.

231 3319 288 3388 76.
313 3327 388 3388 Noa.
403 3345 426 3388 s.
441 3345 470 3387 ιι.
481 3343 583 3403 pecua
597 3332 627 3388 et
639 3327 765 3402 pecuda
780 3343 811 3402 p.
826 3324 889 3385 159
913 3323 1039 3386 Sisenna
1062 3324 1155 3385 histo·

139 3416 252 3518 riarum
280 3413 355 3476 libro
378 3413 445 3476 llll:
473 3413 608 3477 lumenta
639 3413 753 3493 pecuda
786 3413 859 3474 locis
892 3412 1042 3492 trepidare
1075 3430 1154 3474 com·
1169 3424 1195 3466 ιι

138 3502 286 3655 Ριιιι,11717
311 3592 385 3654 Noc.
400 3609 422 3654 a.
437 3610 466 3654 ιι.
485 3594 660 3657 conducere
674 3610 706 3668 p.
719 3590 789 3651 274
814 3589 939 3652 Sisenna
962 3589 1156 3652 historiarum
