2670 4058
174 183 241 252 152
513 181 664 238 vaauen
682 151 855 237 auricus

176 333 297 412 augenti
325 325 384 413 (fr.
402 324 470 412 32).
501 331 688 392 XXXVIII
708 330 800 410 23,8
836 329 971 392 ValerIus
997 329 1114 412 Antias,
1142 333 1196 410 qui

175 423 272 501 magis
293 417 472 484 immodicus
495 420 527 480 in
550 437 676 479 numero
700 419 834 498 augendo
858 437 924 482 esse
948 419 1022 481 solet
1045 412 1105 502 (sr.
1125 417 1196 500 44).

175 508 216 585 es.
237 509 280 585 [ν.
299 508 349 569 19.
372 507 425 568 24.
448 507 501 568 39.
525 508 575 568 41.
599 507 654 568 47.

138 610 176 678 ’5.
199 615 333 675 dutinus
358 613 537 690 srapmento
566 617 599 674 in
623 615 703 676 Ptin.
731 634 760 676 n.
782 616 851 675 nist
873 633 934 676 sec.
956 615 1019 677 ind.
1042 619 1138 677 latent
1159 619 1192 676 in
1318 585 1321 742 Ι

175 705 244 765 ιον.
262 703 340 764 Χιι.
362 703 452 764 ,rra
476 679 585 763 ιλιι.
608 702 765 764 raam.
789 703 911 764 urar.
1206 725 1221 765 ι
1319 769 1321 826 ρ

278 815 282 820 ’
1320 827 1321 862 l

460 845 659 910 ANNALIVM
681 855 908 912 FRAGMENTA

532 960 837 1016 nxLIB.1ue111

268 1069 322 1138 l*.
349 1078 422 1137 Geli.
443 1075 507 1136 VII
524 1075 587 1151 7‚1
609 1075 705 1136 Accae
720 1073 876 1136 Larentiae
896 1082 926 1137 et
937 1067 1028 1147 'Gaiae
1043 1073 1192 1158 Taraciae,
1320 1067 1321 1136 s

156 1166 241 1226 siue
260 1163 309 1225 illa
327 1164 444 1226 Fuletia
463 1172 518 1246 est,
542 1165 662 1224 nomina
685 1166 716 1223 ln
736 1164 866 1242 antiquis
886 1164 1041 1226 annalibus
1065 1164 1194 1226 celebria
1320 1171 1321 1248 l

176 1261 254 1314 sunt.
293 1271 395 1314 earum
419 1253 529 1314 alterae
553 1259 785 1333 postmortem,
809 1251 950 1313 Taraciae
978 1261 1076 1314 autem
1105 1257 1193 1314 uiuae

175 1342 352 1421 amplissimi
373 1341 504 1403 honores
528 1360 544 1402 a
566 1340 677 1422 populo
701 1339 833 1401 Romano
857 1341 959 1403 habiti.
976 1375 1014 1384 -
1034 1342 1092 1403 Sed
1116 1344 1192 1403 Acca

174 1429 314 1492 Larentia
337 1449 448 1510 corpus
469 1434 500 1491 in
530 1429 639 1508 uulgus
667 1428 755 1490 dabat
782 1433 998 1510 pecuniamque
1026 1438 1194 1492 emeruerat
1208 1449 1237 1490 ιο

176 1537 213 1580 ex
227 1538 262 1580 eo
278 1527 405 1599 quaestu
419 1519 551 1580 uberem.
576 1517 619 1578 Ea
633 1524 820 1598 testamento,
834 1521 913 1580 utin
927 1520 1054 1579 Antiatis
1067 1518 1193 1580 historia

161 1611 321 1686 -scriptum
341 1617 397 1690 est,
415 1607 575 1670 Romulum
594 1624 704 1686 regem,
722 1613 757 1667 'ut
776 1607 896 1686 quidam
915 1616 1013 1668 autem
1033 1607 1083 1671 alii
1102 1608 1192 1669 tradi-

175 1695 298 1778 derunt,
320 1696 466 1777 populum
488 1696 654 1767 Romanum
677 1693 764 1756 honis
788 1699 851 1756 suis
873 1696 1015 1756 heredem
1038 1697 1117 1759 lecit.
1155 1696 1193 1758 ob

67 1793 70 1798 '
174 1784 206 1844 id
228 1787 370 1847 meritum
389 1804 406 1845 a
424 1785 543 1846 llamine
561 1782 708 1853 Quirinali
729 1785 908 1845 sacrificium
927 1787 955 1845 ei
973 1783 1092 1864 publice
1111 1787 1193 1846 litet

175 1873 239 1934 dies
267 1892 284 1935 e
312 1874 433 1934 nomine
462 1875 527 1933 eius
550 1873 582 1932 in
611 1872 702 1932 fastos
730 1872 858 1934 additus.
901 1867 956 1956 (ef.
990 1875 1054 1936 Cat.
1078 1873 1235 1951 sr.16.1s

175 1962 274 2025 Lice'n.
294 1956 337 2042 1.)

266 2062 325 2131 2¹³.
349 2069 475 2144 Dionys,
495 2066 535 2126 ΙΙ
551 2065 591 2124 13
604 2061 735 2146 ,Ὄνομα
759 2065 796 2144 ,δὲ
823 2063 927 2132 κοινὸν
954 2065 1081 2144 ἅπαντες
1112 2059 1193 2132 οὗτοι

174 2165 260 2246 ἔσχον
278 2163 422 2243 Κελέριον,
442 2157 483 2237 ὥς
502 2160 556 2243 μὲν
575 2163 606 2224 οἱ
621 2165 741 2239 πλείους
759 2161 938 2247 γράφουσιν,
957 2165 1005 2230 ἐπὶ
1022 2171 1074 2246 τῆς
1091 2161 1193 2244 ὀξύτη-

173 2285 222 2335 τος
244 2265 304 2322 τῶν
326 2251 512 2340 ὖινηρεσιοῖν,
533 2292 575 2302 -
596 2255 636 2335 οὸς
659 2260 692 2324 δὲ
718 2258 880 2345 Οὐαλέριος
902 2258 918 2326 ὅ
938 2255 1067 2337 Ἀντιεύς
1089 2279 1192 2340 φησιν,

174 2357 223 2420 ἐπὶ
244 2362 298 2420 τοῦ
319 2351 465 2439 ἡγεμόνος
487 2353 587 2422 αὐτῶν
608 2355 687 2422 τοῦτ’
712 2361 830 2442 ἔχοντος
851 2357 992 2440 τοῦνομα.
1204 2377 1234 2418 ιο

266 2459 326 2526 3*.
350 2466 429 2525 Pina
455 2465 541 2527 Rom.
555 2465 598 2524 14
625 2459 835 2548 Ἆρπασθῆναι
858 2465 892 2527 δέ
914 2484 1006 2544 φασιν
1030 2461 1190 2545 [Sabinas]

173 2560 206 2622 οἱ
226 2558 280 2641 μὲν
307 2556 464 2641 τριάκοντα
486 2557 596 2642 μόνας,
619 2557 674 2641 ἀφ’
701 2553 745 2624 ὧν
766 2563 816 2625 nol
837 2559 889 2637 τὰς
910 2559 1057 2646 ξφρατρίας
1084 2556 1192 2642 ὄνομα·

52 2723 56 2732 ,
174 2662 303 2739 σθῆναι,
329 2651 507 2740 Οὐαλλέριος
529 2656 563 2721 δὲ
582 2655 696 2734 Ἀντίας
723 2655 795 2720 iared
821 2657 871 2720 καλ
899 2659 991 2720 εἴκοσι
1017 2657 1068 2720 καὶ
1089 2680 1191 2720 πεντα-

174 2757 293 2836 κοσίας,
314 2749 412 2837 Ἰόβας
434 2754 468 2818 δὲ
489 2764 566 2839 τρεῖς
588 2757 639 2819 καὶ
667 2749 858 2840 ὀγδοήκοντα,
873 2753 923 2816 καλ
946 2753 1097 2830 ἑξακοσίας
1119 2779 1191 2836 παρ

173 2851 292 2928 θὲνους.
1203 2859 1232 2903 ¹⁸

560 2971 615 3026 EX
633 2969 760 3026 LIBRO
779 2970 806 3024 II

174 3166 319 3252 ‘Antias',
342 3173 441 3252 inquit
464 3168 688 3250 ‘Agonaliorum
716 3181 902 3251 repertorem
924 3173 1049 3234 Numam
1072 3171 1190 3251 Pompi-

71 3267 77 3278 '
173 3258 248 3318 lium
270 3255 383 3322 reiert'.

265 3360 299 3426 ὅ.
323 3368 533 3429 Macronem.
547 3367 628 3448 113,
646 3367 692 3427 20
710 3369 813 3429 Antias
827 3367 904 3429 libro
919 3367 1051 3428 secundo
1065 3365 1191 3427 Numam

172 3450 353 3532 Pompilium
376 3472 531 3516 sacrorum
554 3473 644 3518 causa
666 3457 698 3518 id
722 3449 1010 3538 [intercalationem]
1037 3457 1189 3517 inuenisse
1203 3479 1229 3520 ιο

174 3543 336 3605 contendit.
361 3536 417 3624 (cf.
440 3545 539 3606 Licin.
560 3543 604 3620 sr.
620 3547 650 3606 4.
678 3546 776 3608 India
795 3544 838 3621 fr.
861 3545 890 3606 7.
918 3546 998 3607 Coss.
1019 3543 1063 3620 fr.
1081 3539 1145 3628 18.)
1320 3526 1321 3596 l

264 3077 325 3145 4*.
349 3084 489 3146 Macron.
506 3091 563 3144 sot.
579 3084 601 3143 I
615 3084 646 3161 4,
668 3085 690 3142 7
711 3082 806 3144 lulius
823 3081 977 3146 Modestus
995 3085 1033 3146 de
1051 3085 1135 3145 leriis
1147 3113 1189 3126 -
1318 3055 1321 3188 λ
