2670 4058
483 189 709 280 caudunum
730 229 843 281 11-15.
1108 227 1172 292 139

156 372 288 433 hostium
312 375 383 434 satis
407 373 572 452 agentibus.
609 372 674 434 Dux
702 376 815 435 interea
839 373 1003 456 Gallorum,
1031 383 1115 436 uasta
1143 384 1173 438 et

157 461 248 522 ardua
272 463 451 540 proceritate
479 465 629 541 armisque
658 480 729 523 auro
757 462 1026 544 praefulgentibus,
1050 464 1173 543 grandia

157 551 327 630 ingrediens
358 557 388 611 et
415 569 505 612 manu
534 550 627 612 telum
654 553 844 631 reciprocans
872 551 1029 614 incedebat
1058 570 1172 632 perque

156 645 360 718 contemptum
392 646 423 700 et
455 639 624 720 superbiam
661 641 905 720 circumspiciens
942 641 1171 721 despiciensque

156 729 256 787 omnia
278 730 383 789 uenire
406 727 490 789 iubet
508 736 538 790 et
557 730 708 808 congredi,
728 731 754 789 si
773 731 840 808 quis
859 746 992 808 pugnare
1012 748 1116 791 secum
1134 748 1198 794 exa

156 818 237 876 omni
263 815 396 878 Romano
424 819 558 878 exercitu
586 817 717 878 auderet.
760 825 824 878 tum
856 817 990 879 Valerius
1020 818 1171 899 tribunus,

155 906 264 966 ceteris
282 906 362 967 inter
380 913 493 966 metum
511 906 716 986 pudoremque
735 905 890 987 ambiguis,
908 908 1067 986 impetrato
1086 909 1170 987 prius

155 1011 172 1054 a
204 993 391 1076 consulibuS,
423 1002 457 1056 ut
488 997 520 1055 in
553 994 681 1076 Gallum,
719 1003 778 1055 tam
810 997 939 1055 inaniter
971 994 1170 1077 adrogantem,

155 1101 288 1162 pugnare
312 1101 378 1145 sese
401 1086 618 1165 permitterent,
637 1083 828 1163 progreditur
852 1083 999 1162 intrepide
1023 1084 1169 1145 modeste-

155 1190 213 1251 que
242 1171 373 1254 obuiam,
402 1181 433 1234 et
460 1173 693 1253 congrediuntur
721 1180 751 1233 et
779 1174 948 1233 consistunt
974 1179 1005 1233 et
1032 1190 1210 1236 consere-10

155 1259 265 1321 bantur
279 1262 337 1321 iam
351 1279 464 1322 manus
484 1269 573 1342 atque
592 1261 633 1322 ibi
652 1263 699 1322 uis
718 1261 862 1346 quaedam
877 1261 978 1322 diuina
997 1261 1169 1323 decorans

155 1358 278 1429 repente
297 1352 469 1429 inprouisus
488 1350 607 1412 aduolat
625 1358 655 1411 et
674 1368 765 1430 super
784 1349 897 1429 galeam
920 1349 1036 1411 tribuni
1057 1352 1170 1413 insistit

155 1446 244 1518 atque
268 1439 338 1499 inde
360 1441 392 1500 in
415 1439 580 1500 aduersarii
602 1457 635 1500 os
658 1447 747 1518 atque
769 1438 870 1500 oculos
893 1455 1027 1518 pugnare
1050 1441 1169 1520 incipit,

155 1527 299 1609 insilibat,
322 1527 500 1589 obturbabat
523 1536 553 1590 et
576 1527 726 1607 unguibus
755 1544 875 1588 manum
897 1526 1026 1588 laniabat
1049 1535 1079 1589 et
1101 1546 1169 1608 pro-

155 1624 291 1696 spectum
314 1616 368 1677 alis
391 1616 511 1678 arcebat
534 1624 636 1697 atque,
659 1615 712 1677 ubi
735 1618 806 1678 satis
830 1618 992 1696 saeuierat,
1015 1615 1169 1677 reuolabat
1183 1638 1209 1680 ιε

154 1707 186 1765 in
209 1704 322 1784 galeam
349 1705 471 1766 tribuni.
509 1705 558 1766 Sic
581 1705 720 1766 tribunus
749 1712 901 1785 spectante
930 1712 1058 1785 utroque
1087 1723 1169 1766 exer·

154 1796 218 1855 citu
236 1801 266 1854 et
285 1812 338 1854 sua
357 1796 470 1856 uirtute
485 1796 573 1855 nixus
592 1801 622 1854 et
637 1812 726 1873 opera
741 1793 819 1854 alitis
838 1802 1044 1874 propugnatos
1062 1793 1169 1855 ducem

154 1883 286 1943 hostium
313 1883 532 1944 ferocissimum
559 1885 634 1944 uicit
666 1881 876 1962 interfecitque
909 1890 998 1961 atque
1026 1882 1064 1943 ob
1091 1882 1168 1943 hanc

155 1989 275 2033 causam
302 1989 467 2051 cognomen
494 1971 599 2033 habuit
622 1971 780 2032 Coruinus
816 1970 848 2031 ld
873 1972 1054 2032 factumest
1082 1973 1167 2032 annis

155 2061 380 2141 quadringentis
404 2063 534 2141 quinque
558 2067 627 2140 post
648 2059 772 2120 Romam
795 2059 952 2121 conditam.
1182 2083 1207 2123 ao

247 2152 302 2220 13.
328 2159 401 2220 dell,
419 2159 522 2219 XVII
535 2159 602 2238 2,4
625 2165 655 2220 et
677 2160 752 2219 Noa.
775 2175 798 2219 s.
817 2177 846 2219 u.
865 2159 1029 2218 subnixum
1048 2176 1080 2234 p.
1100 2157 1169 2217 405

155 2245 251 2307 Verba
270 2265 306 2307 ex
326 2246 358 2318 Q.
374 2246 478 2308 Claudi
496 2249 593 2326 primo
616 2245 726 2307 annali:
744 2245 850 2326 -Ea,
869 2248 975 2327 inquit,
994 2247 1066 2306 dum
1084 2246 1168 2326 liunt,

155 2333 253 2395 Latini
276 2335 402 2396 subnixo
426 2338 523 2396 animo
547 2355 584 2397 ex
607 2337 734 2397 uictoria
756 2336 848 2395 inerti
875 2334 1033 2396 consilium
1054 2336 1230 2408 ineunt.330

247 2427 326 2495 14²⁸.
350 2434 417 2494 Lite.
438 2434 521 2494 VIII
534 2433 583 2514 19,
598 2433 638 2493 13
675 2431 864 2494 Conlaudatis
887 2431 1040 2493 Fundanis
1063 2430 1231 2497 consulldt'

155 2521 205 2599 [L.
229 2523 368 2583 Plautius
398 2521 514 2600 Venox]
538 2520 705 2601 litterisque
728 2520 852 2581 Romam
875 2522 988 2601 missis,
1015 2523 1047 2580 in
1070 2521 1168 2581 oliioio
1182 2532 1209 2574 2⁵

155 2610 313 2672 Fundanos
338 2628 413 2692 esse,
432 2611 468 2671 ad
487 2611 666 2671 Priuernum
690 2610 772 2671 flexit
789 2612 856 2671 iter.
879 2611 964 2689 prius
983 2609 1167 2670 animaduer·
1225 2645 1228 2656 ι

154 2717 222 2760 sum
245 2701 276 2759 in
300 2718 360 2779 eos,
384 2701 435 2779 qui
454 2701 550 2778 capita
569 2701 783 2760 coniurationis
803 2696 958 2776 [Vltroot‘t'
976 2697 1072 2758 Vacci
1088 2699 1168 2758 Fon·

155 2787 245 2865 dant]
273 2788 404 2869 fuerant,
432 2807 448 2848 a
476 2788 597 2849 consule
630 2787 736 2848 scribit
762 2787 916 2867 Claudium
948 2785 985 2846 ad
1016 2792 1167 2846 trecentos

156 2878 370 2956 quinquaginta
389 2895 426 2939 ex
445 2878 607 2938 coniuratis
625 2877 743 2937 uinctos
761 2875 885 2936 Romam
904 2875 1020 2954 missos,
1043 2891 1167 2953 eamque

154 2965 336 3026 deditionem
360 2965 396 3026 ab
421 2973 525 3026 senatu
548 2983 608 3026 non
627 2973 786 3045 acceptam,
810 2964 889 3044 quod
910 2965 1060 3041 egentium
1079 2971 1167 3042 atque
1182 2985 1208 3024 ao

154 3052 314 3115 humilium
335 3072 431 3134 poena
454 3053 576 3132 defungi
598 3053 675 3114 uelle
699 3053 876 3115 Fundanum
899 3053 1079 3113 censuerint.
1178 3103 1229 3152 3„

247 3146 301 3213 lb.
327 3153 400 3213 dell.
422 3152 527 3230 VIII,
551 3152 572 3210 7
603 3150 804 3211 Consimiliter
827 3148 860 3220 Q.
885 3166 1003 3228 quoque
1028 3147 1231 3240 Claudius4-,g

154 3243 186 3301 in
209 3243 306 3320 primo
330 3239 479 3300 annalium
498 3234 685 3319 ‘nequitiam'
704 3238 864 3319 appellauit
882 3237 984 3298 luxum
1003 3239 1082 3298 uitae
1101 3254 1168 3316 pro·

157 3329 258 3407 digum
277 3329 463 3409 effusumque
482 3331 514 3389 in
533 3329 615 3389 bisce
631 3326 746 3388 uerbis:
764 3325 948 3387 Persuadent
967 3326 1083 3386 cuidam
1098 3325 1168 3385 adu-

155 3417 280 3479 lescenti
298 3418 431 3498 Lucano,
460 3419 511 3497 qui
533 3417 666 3496 adprime
690 3433 805 3476 summo
829 3433 938 3494 genere
961 3422 1067 3492 gnatus
1097 3421 1168 3494 erat,
1183 3435 1209 3476 aa

155 3506 209 3567 sed
232 3507 348 3567 luxuria
372 3514 402 3567 et
425 3507 557 3585 nequitia
585 3507 741 3586 pecuniam
769 3522 906 3584 magnam
933 3509 1167 3582 consumpserat.

157 3589 211 3678 (cs.
226 3596 293 3657 Lt'u.
314 3597 396 3657 VIII
405 3595 459 3671 27,
473 3597 492 3655 1
506 3588 583 3677 sqq.)
