2670 4058
447 235 676 293 FRAGMENTA
697 243 809 293 18-25.
1074 240 1137 304 157

121 393 285 463 pugnatum
310 402 377 444 oum
401 382 600 466 Hasdrubale,
623 386 725 448 decem
748 386 839 448 millia
863 391 974 470 occisa,
998 397 1138 468 quattuor

121 473 203 533 milia
235 485 374 534 cccxxx
407 482 518 553 captos.
543 477 695 556 —Apud
729 478 825 537 omnis
856 495 997 556 maguum
1030 496 1138 538 nomen

120 561 225 622 lllarcii
244 562 329 622 ducis
348 571 402 624 est.
427 571 457 623 et
475 582 565 624 uerae
589 563 699 644 gloriae
724 568 788 626 eius
812 567 902 626 etiam
924 565 1066 627 miracula
1088 566 1137 626 ad·

120 649 210 730 dunt,
232 649 380 711 flammam
408 652 437 711 ei
463 655 647 715 contionanti
670 654 766 716 lusam
793 673 810 714 e
833 655 930 734 eapite
954 657 1019 716 sine
1041 657 1137 735 ipsius

120 756 213 801 sensu
236 757 306 800 cum
329 757 435 818 magno
464 759 576 820 pauore
600 743 858 804 circumstantium
880 743 1021 825 militum,
1044 745 1164 808 moni-s

120 835 315 908 mentumque
338 829 482 891 uictoriae
506 833 570 892 eius
599 830 634 892 de
657 831 765 892 Poenis
792 849 889 912 usque
917 832 953 892 ad
980 835 1138 893 incensum

72 969 76 976 .
120 914 300 1004 Capitolium
322 918 415 978 luisse
438 920 469 979 iu
497 919 608 999 templo
636 920 765 1000 clipeum
787 919 930 981 Marcium
958 920 1137 1000 appellatum

120 1023 191 1066 oum
214 1007 342 1085 imagine
364 1005 567 1068 Hasdrubalis.
582 1035 624 1058 -=··
640 1011 718 1070 Plio.
741 1029 770 1069 n.
789 1011 817 1069 b,
837 1008 876 1069 ΙΙ
893 1009 956 1068 241
978 1008 1011 1069 L.
1026 1008 1137 1070 llaroio

121 1095 154 1154 in
176 1093 319 1174 Hispania
342 1097 529 1176 interemptis
554 1096 744 1176 Scipionibus
768 1099 952 1158 contionanti
974 1105 1005 1158 et
1028 1097 1136 1158 milites

121 1181 157 1243 ad
172 1182 317 1246 ultionem
331 1184 501 1246 exhortanti
519 1188 627 1247 arsisse
647 1186 737 1248 simili
754 1187 843 1248 modo
859 1184 966 1264 [capot
978 1193 1013 1247 ut
1025 1187 1136 1248 Seruio
1151 1211 1177 1250 ιο

123 1270 232 1349 initio]
257 1272 393 1334 Valerius
415 1273 518 1335 Antias
541 1284 651 1336 narrat.
675 1269 729 1358 (cs.
743 1276 819 1338 Acii.
837 1275 880 1350 fr.
895 1276 926 1335 4.
950 1277 1011 1336 Ρίε.
1027 1274 1070 1350 fr.
1084 1275 1135 1335 32.

124 1362 230 1423 Claud.
250 1360 294 1436 fr.
308 1355 389 1444 53⁸.)

213 1452 269 1519 24.
292 1459 360 1520 Lair.
374 1461 491 1522 XXVI
506 1461 592 1536 49,1
614 1461 691 1522 'lum
710 1459 829 1522 obsides
849 1461 1015 1521 ciuitatium
1031 1459 1135 1539 Hispa·

119 1549 187 1608 niae
215 1550 319 1608 uocari
344 1550 433 1610 iussit
457 1549 574 1628 [Scipio
606 1552 794 1626 Cartbagine
820 1567 901 1611 noua
929 1547 1136 1627 expugnatob

121 1654 250 1715 quorum
264 1644 394 1716 quantus
408 1655 551 1700 numerus
571 1639 662 1700 luerit
679 1641 762 1718 piget
781 1638 922 1718 scribere,
937 1639 1048 1718 quippe
1067 1655 1136 1699 cum
1150 1653 1176 1694 re

119 1723 191 1786 alibi
200 1733 351 1788 trecentos
361 1727 464 1808 ferme,
474 1727 544 1790 alibi
551 1730 610 1788 tria
619 1726 711 1788 millia
722 1729 925 1806 septingentos
936 1728 1043 1805 uiginti
1053 1733 1136 1807 quat·
1154 1751 1157 1758 ⁴

119 1821 190 1876 tuor
199 1813 292 1876 luisse
306 1817 466 1878 inueniam.
489 1835 583 1897 aeque
598 1825 628 1878 et
642 1809 697 1878 alia
712 1819 791 1877 iuter
805 1827 943 1878 auctores
957 1814 1135 1895 discrepant.

119 1902 301 1982 praesidium
311 1903 459 1966 Punicum
469 1904 544 1967 alius
555 1906 666 1986 decem,
676 1905 751 1966 allus
761 1913 884 1985 septem,
894 1903 970 1965 alius
979 1903 1057 1965 baud
1068 1903 1136 1984 plus

120 2009 210 2071 quam
233 1991 326 2057 duum
348 1993 473 2056 millium
496 1995 588 2056 baisse
616 1992 729 2055 scribit.
757 2001 842 2072 capta
856 1991 926 2053 alibi
940 1992 1044 2053 decem
1055 1989 1136 2052 milia
1245 1998 1250 2005 ⁴

120 2083 261 2161 capitum,
275 2081 346 2142 alibi
359 2100 450 2163 supra
469 2086 601 2163 quinque
621 2091 651 2144 et
668 2085 776 2162 uiginti
794 2083 938 2143 inuenias.
963 2082 1135 2160 scorpiones
1150 2098 1176 2138 ao

119 2171 247 2252 maiores
260 2172 451 2252 minoresque
462 2173 498 2233 ad
513 2174 664 2251 sexaginta
678 2179 781 2251 captos
798 2171 983 2250 scripserim,
996 2172 1023 2230 si
1036 2179 1135 2232 auoto-

119 2276 185 2319 rem
199 2258 345 2322 Graecum
364 2278 474 2340 sequar
492 2260 639 2340 Silenum,
663 2262 689 2321 si
703 2260 852 2322 Valerium
869 2258 1027 2341 Antiatem,
1045 2260 1135 2320 maio·

119 2365 189 2408 rum
212 2351 402 2430 scorpionum
424 2367 477 2410 sex
499 2349 599 2428 millia,
617 2351 767 2411 minorum
785 2349 889 2410 decem
912 2357 943 2408 et
960 2350 1017 2408 tria
1031 2347 1136 2408 millia:

120 2435 194 2497 adeo
218 2436 317 2498 nuHus
340 2439 504 2500 mentiendi
527 2438 633 2499 modus
656 2446 710 2498 est.
740 2456 778 2498 ne
802 2437 838 2499 de
862 2436 989 2498 ducibus
1014 2436 1135 2516 quidem

121 2527 271 2588 conuenit.
305 2525 441 2606 plerique
464 2526 598 2588 Laelium
620 2527 785 2605 praefuisse
808 2524 905 2606 classi,
928 2533 1002 2586 sunt
1022 2527 1075 2604 qui
1096 2523 1134 2584 Μ.
1149 2542 1175 2584 as

119 2613 240 2676 lunium
260 2614 392 2676 Silanum
411 2615 519 2678 dicant.
542 2615 655 2679 Arinen
674 2615 838 2694 praefuisse
855 2613 968 2676 Punico
986 2613 1134 2692 praesidio

1145 1418 1199 1497 {LO

1146 1507 1198 1557 544

17 2743 19 2747 ,
120 2703 315 2784 deditumque
333 2703 474 2766 Romanis
487 2704 591 2765 Antias
603 2703 750 2782 Valerius,
770 2701 924 2781 Magonem
942 2701 992 2762 alii
1010 2702 1135 2779 scripto·

120 2811 170 2854 res
194 2792 324 2854 tradunt.
361 2811 421 2857 non
448 2792 485 2854 de
513 2810 639 2854 numero
666 2793 789 2852 nauium
815 2798 982 2870 captarum,
1010 2807 1070 2873 uon
1098 2789 1135 2850 de

120 2882 252 2963 pondere
276 2884 342 2943 auri
365 2889 455 2962 atque
478 2883 594 2960 argenti
611 2888 642 2942 et
665 2880 800 2945 redactae
823 2881 967 2958 pecuniae
986 2879 1134 2940 conuenit.

121 2973 148 3032 si
171 2970 278 3051 aliquis
297 2970 441 3032 adsentiri
459 2987 581 3031 necesse
601 2977 656 3050 est,
674 2969 771 3037 media
789 2968 936 3030 simillima
955 2970 1036 3030 ueris
1056 2976 1134 3028 sunt.
1149 2987 1175 3026 oo

212 3072 269 3139 25.
296 3079 368 3140 Geli.
389 3078 453 3138 VII
466 3077 532 3152 &3
553 3075 663 3155 Lepide
683 3077 774 3154 igitur
789 3077 894 3154 agitari
911 3081 1017 3155 potest,
1032 3069 1198 3148 utrumzlss

120 3167 219 3228 uideri
242 3168 492 3228 continentiorem
514 3183 568 3245 par
592 3167 639 3244 sit,
656 3162 835 3225 Publiumne
853 3164 1024 3238 Africanum
1048 3159 1197 3242 supe-⁵44

120 3259 242 3335 riorem,
257 3257 309 3335 qui
322 3254 499 3334 Cartbagine
514 3253 610 3332 ampla
624 3255 746 3314 ciuitate
764 3255 795 3314 in
810 3251 951 3330 Hispania
968 3260 1137 3332 expugnata

120 3347 271 3423 uirginem
294 3346 511 3425 tempestiuam,
534 3345 628 3404 forma
651 3343 779 3421 egregio,
801 3339 910 3404 nobilis
933 3343 992 3402 uiri
1012 3341 1136 3421 Hispani

120 3433 212 3496 filiam
236 3441 350 3513 captam
373 3432 608 3512 perductamque
631 3430 667 3492 ad
691 3449 723 3491 se
746 3432 825 3510 patri
847 3429 1019 3491 inuiolatam
1038 3429 1135 3492 reddi·
1149 3448 1176 3490 es

121 3523 174 3604 dit,
188 3539 226 3584 an
240 3539 342 3601 regem
355 3521 563 3583 Alexandrum.
578 3553 619 3566 -
635 3520 689 3580 His
702 3537 757 3598 ego
771 3517 911 3582 uersibus
926 3518 996 3596 [Co.
1010 3517 1134 3596 Naeuii]

121 3611 212 3674 oredo
231 3610 393 3675 adductum
407 3609 555 3672 Valerium
574 3610 721 3671 Antiatem
733 3609 884 3672 aduersus
903 3615 1020 3670 ceteros
1039 3611 1134 3670 omnis
