<?xml version="1.0" encoding="UTF-8"?>
<!DOCTYPE html PUBLIC "-//W3C//DTD XHTML 1.0 Transitional//EN"
    "http://www.w3.org/TR/xhtml1/DTD/xhtml1-transitional.dtd">
<html xmlns="http://www.w3.org/1999/xhtml" xml:lang="en" lang="en">
 <head>
  <title>
</title>
<meta http-equiv="Content-Type" content="text/html;charset=utf-8" />
  <meta name='ocr-system' content='tesseract 3.04.00' />
  <meta name='ocr-capabilities' content='ocr_page ocr_carea ocr_par ocr_line ocrx_word'/>
</head>
<body>
  <div class='ocr_page' id='page_1' title='image "./historicorumrom02petegoog_0112.png"; bbox 0 0 2670 4058; ppageno 0'>
   <div class='ocr_carea' id='block_1_1' title="bbox 429 225 1118 293">
    <p class='ocr_par' dir='ltr' id='par_1_1' title="bbox 429 225 1118 293">
     <span class='ocr_line' id='line_1_1' title="bbox 429 225 1118 293; baseline 0.004 -11"><span class='ocrx_word' id='word_1_1' title='bbox 429 225 657 282; x_wconf 78' lang='lat' dir='ltr'><strong>FRAGMENTA</strong></span> <span class='ocrx_word' id='word_1_2' title='bbox 676 232 790 284; x_wconf 72' lang='lat'><strong>12-17.</strong></span> <span class='ocrx_word' id='word_1_3' title='bbox 1077 227 1118 293; x_wconf 90' lang='grc'><strong><em>81</em></strong></span> 
     </span>
    </p>
   </div>
   <div class='ocr_carea' id='block_1_2' title="bbox 99 370 1165 2120">
    <p class='ocr_par' dir='ltr' id='par_1_2' title="bbox 99 370 1165 2120">
     <span class='ocr_line' id='line_1_2' title="bbox 99 370 1121 458; baseline -0.001 -19"><span class='ocrx_word' id='word_1_4' title='bbox 99 375 150 440; x_wconf 83' lang='grc' dir='ltr'><strong><em>καλ</em></strong></span> <span class='ocrx_word' id='word_1_5' title='bbox 172 371 244 457; x_wconf 89' lang='grc' dir='ltr'><strong><em>μετά</em></strong></span> <span class='ocrx_word' id='word_1_6' title='bbox 268 372 324 457; x_wconf 81' lang='grc' dir='ltr'><strong><em>τὴν</em></strong></span> <span class='ocrx_word' id='word_1_7' title='bbox 349 376 518 458; x_wconf 85' lang='grc' dir='ltr'><strong><em>Ταρκυνίου</em></strong></span> <span class='ocrx_word' id='word_1_8' title='bbox 536 371 673 456; x_wconf 75' lang='grc' dir='ltr'><strong><em>τελευτὴν</em></strong></span> <span class='ocrx_word' id='word_1_9' title='bbox 688 370 872 456; x_wconf 81' lang='grc' dir='ltr'><strong><em>παραλαβύν</em></strong></span> <span class='ocrx_word' id='word_1_10' title='bbox 890 371 945 456; x_wconf 79' lang='grc' dir='ltr'><strong><em>τὴν</em></strong></span> <span class='ocrx_word' id='word_1_11' title='bbox 967 376 1121 458; x_wconf 81' lang='grc' dir='ltr'><strong><em>βασιλείαν</em></strong></span> 
     </span>
     <span class='ocr_line' id='line_1_3' title="bbox 102 469 1120 556; baseline 0.001 -20"><span class='ocrx_word' id='word_1_12' title='bbox 102 471 228 550; x_wconf 98' lang='grc' dir='ltr'><strong><em>Τύλλιος</em></strong></span> <span class='ocrx_word' id='word_1_13' title='bbox 251 470 299 536; x_wconf 84' lang='grc' dir='ltr'><strong><em>ἐπ’</em></strong></span> <span class='ocrx_word' id='word_1_14' title='bbox 325 473 374 554; x_wconf 77' lang='grc' dir='ltr'><strong><em>ἔτη</em></strong></span> <span class='ocrx_word' id='word_1_15' title='bbox 402 470 610 553; x_wconf 88' lang='grc' dir='ltr'><strong><em>τετταράκοντα</em></strong></span> <span class='ocrx_word' id='word_1_16' title='bbox 636 472 687 535; x_wconf 86' lang='grc' dir='ltr'><strong><em>καλ</em></strong></span> <span class='ocrx_word' id='word_1_17' title='bbox 713 471 830 553; x_wconf 78' lang='grc' dir='ltr'><strong><em>τέτταρα</em></strong></span> <span class='ocrx_word' id='word_1_18' title='bbox 857 472 1007 556; x_wconf 75' lang='grc' dir='ltr'><strong><em>κατέσχεν,</em></strong></span> <span class='ocrx_word' id='word_1_19' title='bbox 1038 469 1120 552; x_wconf 74' lang='grc' dir='ltr'><strong><em>ὥστ’,</em></strong></span> 
     </span>
     <span class='ocr_line' id='line_1_4' title="bbox 99 560 1118 652; baseline 0 -18"><span class='ocrx_word' id='word_1_20' title='bbox 99 572 127 634; x_wconf 87' lang='grc' dir='ltr'><strong><em>εί</em></strong></span> <span class='ocrx_word' id='word_1_21' title='bbox 147 567 212 634; x_wconf 89' lang='grc' dir='ltr'><strong><em>κατ’</em></strong></span> <span class='ocrx_word' id='word_1_22' title='bbox 239 571 356 634; x_wconf 84' lang='grc' dir='ltr'><strong><em>ἐκεῖνον</em></strong></span> <span class='ocrx_word' id='word_1_23' title='bbox 384 566 438 634; x_wconf 82' lang='grc' dir='ltr'><strong><em>τὸν</em></strong></span> <span class='ocrx_word' id='word_1_24' title='bbox 464 567 574 652; x_wconf 81' lang='grc' dir='ltr'><strong><em>χρόνον</em></strong></span> <span class='ocrx_word' id='word_1_25' title='bbox 603 569 892 650; x_wconf 77' lang='grc' dir='ltr'><strong><em>ἔπτακαιειιιοσαίτης</em></strong></span> <span class='ocrx_word' id='word_1_26' title='bbox 917 560 958 650; x_wconf 76' lang='grc' dir='ltr'><strong><em>ἦν</em></strong></span> <span class='ocrx_word' id='word_1_27' title='bbox 989 567 1037 634; x_wconf 82' lang='grc' dir='ltr'><strong><em>ὅτε</em></strong></span> <span class='ocrx_word' id='word_1_28' title='bbox 1063 567 1118 633; x_wconf 72' lang='lat' dir='ltr'><strong><em>riu-</em></strong></span> 
     </span>
     <span class='ocr_line' id='line_1_5' title="bbox 100 663 1120 750; baseline -0.002 -18"><span class='ocrx_word' id='word_1_29' title='bbox 100 676 243 750; x_wconf 84' lang='grc' dir='ltr'><strong><em>εστερεῑτο</em></strong></span> <span class='ocrx_word' id='word_1_30' title='bbox 271 673 325 749; x_wconf 80' lang='grc' dir='ltr'><strong><em>τῆς</em></strong></span> <span class='ocrx_word' id='word_1_31' title='bbox 351 664 446 750; x_wconf 74' lang='grc' dir='ltr'><strong><em>ἀρχῆς</em></strong></span> <span class='ocrx_word' id='word_1_32' title='bbox 473 663 490 732; x_wconf 80' lang='grc' dir='ltr'><em>ὃ</em></span> <span class='ocrx_word' id='word_1_33' title='bbox 516 663 713 749; x_wconf 84' lang='grc' dir='ltr'><strong><em>πρεσβύτερος</em></strong></span> <span class='ocrx_word' id='word_1_34' title='bbox 739 671 798 729; x_wconf 75' lang='grc' dir='ltr'><strong><em>τῶν</em></strong></span> <span class='ocrx_word' id='word_1_35' title='bbox 828 669 1019 748; x_wconf 76' lang='grc' dir='ltr'><strong><em>Ταρκυνίων,</em></strong></span> <span class='ocrx_word' id='word_1_36' title='bbox 1045 663 1120 750; x_wconf 74' lang='grc' dir='ltr'><strong><em>ὑπὲρ</em></strong></span> 
     </span>
     <span class='ocr_line' id='line_1_6' title="bbox 101 755 1148 850; baseline -0.002 -20"><span class='ocrx_word' id='word_1_37' title='bbox 101 763 309 850; x_wconf 79' lang='grc' dir='ltr'><strong><em>ἐβδομήκοντα</em></strong></span> <span class='ocrx_word' id='word_1_38' title='bbox 331 763 365 828; x_wconf 69' lang='grc' dir='ltr'><strong><em>δὲ</em></strong></span> <span class='ocrx_word' id='word_1_39' title='bbox 392 765 441 846; x_wconf 77' lang='grc' dir='ltr'><strong><em>ἔτη</em></strong></span> <span class='ocrx_word' id='word_1_40' title='bbox 468 761 598 848; x_wconf 70' lang='grc' dir='ltr'><strong><em>γεγονὸς</em></strong></span> <span class='ocrx_word' id='word_1_41' title='bbox 626 760 667 827; x_wconf 71' lang='grc' dir='ltr'><strong><em>ἂν</em></strong></span> <span class='ocrx_word' id='word_1_42' title='bbox 688 755 730 846; x_wconf 81' lang='grc' dir='ltr'><strong><em>ἦν</em></strong></span> <span class='ocrx_word' id='word_1_43' title='bbox 751 756 799 830; x_wconf 76' lang='grc' dir='ltr'><strong><em>ότι</em></strong></span> <span class='ocrx_word' id='word_1_44' title='bbox 826 761 879 828; x_wconf 79' lang='grc' dir='ltr'><strong><em>τόν</em></strong></span> <span class='ocrx_word' id='word_1_45' title='bbox 908 761 1035 830; x_wconf 78' lang='grc' dir='ltr'><strong><em>Τύλλιον</em></strong></span> <span class='ocrx_word' id='word_1_46' title='bbox 1062 761 1148 828; x_wconf 71' lang='lat' dir='ltr'><strong><em>riu-⁶</em></strong></span> 
     </span>
     <span class='ocr_line' id='line_1_7' title="bbox 100 858 1120 948; baseline -0.001 -20"><span class='ocrx_word' id='word_1_47' title='bbox 100 863 237 928; x_wconf 72' lang='grc' dir='ltr'><strong><em>ἔκτεινεν.</em></strong></span> <span class='ocrx_word' id='word_1_48' title='bbox 274 861 310 928; x_wconf 84' lang='grc' dir='ltr'><strong><em>ἐν</em></strong></span> <span class='ocrx_word' id='word_1_49' title='bbox 331 866 469 947; x_wconf 84' lang='grc' dir='ltr'><strong><em>κρατίστη</em></strong></span> <span class='ocrx_word' id='word_1_50' title='bbox 491 862 525 926; x_wconf 77' lang='grc' dir='ltr'><strong><em>σί</em></strong></span> <span class='ocrx_word' id='word_1_51' title='bbox 546 886 580 946; x_wconf 90' lang='grc' dir='ltr'><strong><em>γε</em></strong></span> <span class='ocrx_word' id='word_1_52' title='bbox 607 858 699 927; x_wconf 73' lang='grc' dir='ltr'><strong><em>αὐτόν</em></strong></span> <span class='ocrx_word' id='word_1_53' title='bbox 725 858 825 948; x_wconf 74' lang='grc' dir='ltr'><strong><em>ἡλικίᾳ</em></strong></span> <span class='ocrx_word' id='word_1_54' title='bbox 847 859 910 925; x_wconf 85' lang='grc' dir='ltr'><strong><em>τότε</em></strong></span> <span class='ocrx_word' id='word_1_55' title='bbox 933 859 1004 926; x_wconf 77' lang='grc' dir='ltr'><strong><em>ὄντα</em></strong></span> <span class='ocrx_word' id='word_1_56' title='bbox 1026 887 1120 945; x_wconf 88' lang='grc' dir='ltr'><strong><em>παρα-</em></strong></span> 
     </span>
     <span class='ocr_line' id='line_1_8' title="bbox 101 956 1123 1046; baseline 0.001 -21"><span class='ocrx_word' id='word_1_57' title='bbox 101 959 271 1026; x_wconf 79' lang='grc' dir='ltr'><strong><em>δεδάκασιν</em></strong></span> <span class='ocrx_word' id='word_1_58' title='bbox 307 963 339 1027; x_wconf 85' lang='grc' dir='ltr'><strong><em>οί</em></strong></span> <span class='ocrx_word' id='word_1_59' title='bbox 372 967 553 1046; x_wconf 73' lang='grc' dir='ltr'><strong><em>συγγραφεῖς</em></strong></span> <span class='ocrx_word' id='word_1_60' title='bbox 588 963 642 1023; x_wconf 91' lang='grc' dir='ltr'><strong><em>καί</em></strong></span> <span class='ocrx_word' id='word_1_61' title='bbox 671 979 765 1041; x_wconf 82' lang='grc' dir='ltr'><strong><em>φασιν</em></strong></span> <span class='ocrx_word' id='word_1_62' title='bbox 796 956 841 1024; x_wconf 80' lang='grc' dir='ltr'><strong><em>ότι</em></strong></span> <span class='ocrx_word' id='word_1_63' title='bbox 876 956 1001 1024; x_wconf 90' lang='grc' dir='ltr'><strong><em>Τύλλιον</em></strong></span> <span class='ocrx_word' id='word_1_64' title='bbox 1034 957 1123 1038; x_wconf 83' lang='grc' dir='ltr'><strong><em>αύτὸς</em></strong></span> 
     </span>
     <span class='ocr_line' id='line_1_9' title="bbox 100 1055 1123 1142; baseline 0.002 -20"><span class='ocrx_word' id='word_1_65' title='bbox 100 1057 251 1142; x_wconf 76' lang='grc' dir='ltr'><strong><em>ἀράμενος</em></strong></span> <span class='ocrx_word' id='word_1_66' title='bbox 281 1060 314 1123; x_wconf 76' lang='grc' dir='ltr'><strong><em>ἔτι</em></strong></span> <span class='ocrx_word' id='word_1_67' title='bbox 344 1065 398 1124; x_wconf 83' lang='grc' dir='ltr'><strong><em>τού</em></strong></span> <span class='ocrx_word' id='word_1_68' title='bbox 425 1060 637 1142; x_wconf 79' lang='grc' dir='ltr'><strong><em>βουλευτηρίου</em></strong></span> <span class='ocrx_word' id='word_1_69' title='bbox 670 1058 721 1120; x_wconf 86' lang='grc' dir='ltr'><strong><em>καλ</em></strong></span> <span class='ocrx_word' id='word_1_70' title='bbox 750 1057 852 1140; x_wconf 77' lang='grc' dir='ltr'><strong><em>φέρων</em></strong></span> <span class='ocrx_word' id='word_1_71' title='bbox 879 1058 934 1133; x_wconf 81' lang='grc' dir='ltr'><strong><em>ἔξω</em></strong></span> <span class='ocrx_word' id='word_1_72' title='bbox 962 1055 1037 1121; x_wconf 74' lang='grc' dir='ltr'><strong><em>κατὰ</em></strong></span> <span class='ocrx_word' id='word_1_73' title='bbox 1063 1066 1123 1124; x_wconf 77' lang='grc' dir='ltr'><strong><em>τῶν</em></strong></span> 
     </span>
     <span class='ocr_line' id='line_1_10' title="bbox 100 1151 1123 1241; baseline 0 -21"><span class='ocrx_word' id='word_1_74' title='bbox 100 1158 261 1240; x_wconf 76' lang='grc' dir='ltr'><strong><em>κρηπίδων</em></strong></span> <span class='ocrx_word' id='word_1_75' title='bbox 278 1156 397 1240; x_wconf 79' lang='grc' dir='ltr'><strong><em>ἐξέχεεν.</em></strong></span> <span class='ocrx_word' id='word_1_76' title='bbox 425 1153 446 1238; x_wconf 76' lang='grc' dir='ltr'><em>ἦ</em></span> <span class='ocrx_word' id='word_1_77' title='bbox 463 1180 493 1219; x_wconf 87' lang='grc' dir='ltr'><strong><em>τε</em></strong></span> <span class='ocrx_word' id='word_1_78' title='bbox 512 1155 544 1219; x_wconf 81' lang='grc' dir='ltr'><strong><em>ἐκ</em></strong></span> <span class='ocrx_word' id='word_1_79' title='bbox 562 1161 614 1240; x_wconf 83' lang='grc' dir='ltr'><strong><em>τῆς</em></strong></span> <span class='ocrx_word' id='word_1_80' title='bbox 633 1153 726 1239; x_wconf 76' lang='grc' dir='ltr'><strong><em>ἀρχῆς</em></strong></span> <span class='ocrx_word' id='word_1_81' title='bbox 744 1155 886 1231; x_wconf 75' lang='grc' dir='ltr'><strong><em>ἔκπτωσις</em></strong></span> <span class='ocrx_word' id='word_1_82' title='bbox 904 1151 997 1220; x_wconf 84' lang='grc' dir='ltr'><strong><em>αύτού</em></strong></span> <span class='ocrx_word' id='word_1_83' title='bbox 1012 1159 1123 1241; x_wconf 87' lang='grc' dir='ltr'><strong><em>γίνεται</em></strong></span> 
     </span>
     <span class='ocr_line' id='line_1_11' title="bbox 100 1249 1163 1343; baseline 0.001 -25"><span class='ocrx_word' id='word_1_84' title='bbox 100 1254 224 1340; x_wconf 83' lang='grc' dir='ltr'><strong><em>πέμιττμ</em></strong></span> <span class='ocrx_word' id='word_1_85' title='bbox 254 1254 305 1318; x_wconf 80' lang='grc' dir='ltr'><strong><em>καί</em></strong></span> <span class='ocrx_word' id='word_1_86' title='bbox 331 1257 451 1342; x_wconf 75' lang='grc' dir='ltr'><strong><em>εἰκοστῷ</em></strong></span> <span class='ocrx_word' id='word_1_87' title='bbox 479 1249 549 1336; x_wconf 76' lang='grc' dir='ltr'><strong><em>μετὰ</em></strong></span> <span class='ocrx_word' id='word_1_88' title='bbox 581 1257 673 1317; x_wconf 82' lang='grc' dir='ltr'><strong><em>ταῦτα</em></strong></span> <span class='ocrx_word' id='word_1_89' title='bbox 699 1253 769 1333; x_wconf 90' lang='grc' dir='ltr'><strong><em>ἔτει,</em></strong></span> <span class='ocrx_word' id='word_1_90' title='bbox 796 1253 848 1315; x_wconf 81' lang='grc' dir='ltr'><strong><em>καί</em></strong></span> <span class='ocrx_word' id='word_1_91' title='bbox 874 1249 966 1340; x_wconf 80' lang='grc' dir='ltr'><strong><em>τούτῳ</em></strong></span> <span class='ocrx_word' id='word_1_92' title='bbox 994 1259 1034 1343; x_wconf 76' lang='grc' dir='ltr'><strong><em>τῷ</em></strong></span> <span class='ocrx_word' id='word_1_93' title='bbox 1065 1255 1120 1319; x_wconf 92' lang='grc' dir='ltr'><strong><em>ἔτει</em></strong></span> <span class='ocrx_word' id='word_1_94' title='bbox 1135 1270 1163 1309; x_wconf 89' lang='lat'><strong><em>1⁰</em></strong></span> 
     </span>
     <span class='ocr_line' id='line_1_12' title="bbox 102 1345 1123 1440; baseline 0.003 -26"><span class='ocrx_word' id='word_1_95' title='bbox 102 1349 334 1433; x_wconf 83' lang='grc' dir='ltr'><strong><em>στρατευόμενος</em></strong></span> <span class='ocrx_word' id='word_1_96' title='bbox 361 1351 395 1415; x_wconf 86' lang='grc' dir='ltr'><strong><em>ἐν</em></strong></span> <span class='ocrx_word' id='word_1_97' title='bbox 421 1357 462 1440; x_wconf 79' lang='grc' dir='ltr'><strong><em>τῷ</em></strong></span> <span class='ocrx_word' id='word_1_98' title='bbox 488 1348 563 1434; x_wconf 82' lang='grc' dir='ltr'><strong><em>πρὸς</em></strong></span> <span class='ocrx_word' id='word_1_99' title='bbox 582 1345 740 1433; x_wconf 76' lang='grc' dir='ltr'><strong><em>Ἀρδεάτας</em></strong></span> <span class='ocrx_word' id='word_1_100' title='bbox 765 1347 909 1434; x_wconf 77' lang='grc' dir='ltr'><strong><em>εἰσάγεται</em></strong></span> <span class='ocrx_word' id='word_1_101' title='bbox 931 1351 1048 1439; x_wconf 70' lang='grc' dir='ltr'><strong><em>πολέμῳ</em></strong></span> <span class='ocrx_word' id='word_1_102' title='bbox 1071 1353 1123 1417; x_wconf 82' lang='grc' dir='ltr'><strong><em>καλ</em></strong></span> 
     </span>
     <span class='ocr_line' id='line_1_13' title="bbox 102 1445 1123 1534; baseline 0.003 -22"><span class='ocrx_word' id='word_1_103' title='bbox 102 1446 201 1512; x_wconf 85' lang='grc' dir='ltr'><strong><em>πάντα</em></strong></span> <span class='ocrx_word' id='word_1_104' title='bbox 228 1445 264 1513; x_wconf 80' lang='grc' dir='ltr'><strong><em>τά</em></strong></span> <span class='ocrx_word' id='word_1_105' title='bbox 291 1450 363 1534; x_wconf 88' lang='grc' dir='ltr'><strong><em>ἔργα</em></strong></span> <span class='ocrx_word' id='word_1_106' title='bbox 390 1446 431 1513; x_wconf 78' lang='grc' dir='ltr'><strong><em>δι’</em></strong></span> <span class='ocrx_word' id='word_1_107' title='bbox 461 1449 569 1514; x_wconf 75' lang='grc' dir='ltr'><strong><em>ἑαυτοῦ</em></strong></span> <span class='ocrx_word' id='word_1_108' title='bbox 598 1453 698 1512; x_wconf 76' lang='grc' dir='ltr'><strong><em>τελῶν.</em></strong></span> <span class='ocrx_word' id='word_1_109' title='bbox 743 1445 799 1513; x_wconf 80' lang='grc' dir='ltr'><strong><em>ούκ</em></strong></span> <span class='ocrx_word' id='word_1_110' title='bbox 826 1449 884 1532; x_wconf 80' lang='grc' dir='ltr'><strong><em>ἔχει</em></strong></span> <span class='ocrx_word' id='word_1_111' title='bbox 912 1448 945 1513; x_wconf 80' lang='grc' dir='ltr'><strong><em>δέ</em></strong></span> <span class='ocrx_word' id='word_1_112' title='bbox 971 1448 1062 1533; x_wconf 87' lang='grc' dir='ltr'><strong><em>λόγον</em></strong></span> <span class='ocrx_word' id='word_1_113' title='bbox 1090 1452 1123 1515; x_wconf 84' lang='grc' dir='ltr'><strong><em>ἐν</em></strong></span> 
     </span>
     <span class='ocr_line' id='line_1_14' title="bbox 102 1543 1123 1632; baseline 0 -21"><span class='ocrx_word' id='word_1_114' title='bbox 102 1546 244 1628; x_wconf 77' lang='grc' dir='ltr'><strong><em>πολέμοις</em></strong></span> <span class='ocrx_word' id='word_1_115' title='bbox 267 1543 451 1622; x_wconf 78' lang='grc' dir='ltr'><strong><em>ἐξετάζεσθαι</em></strong></span> <span class='ocrx_word' id='word_1_116' title='bbox 472 1552 556 1630; x_wconf 79' lang='grc' dir='ltr'><strong><em>σῶμα</em></strong></span> <span class='ocrx_word' id='word_1_117' title='bbox 573 1543 685 1630; x_wconf 73' lang='grc' dir='ltr'><strong><em>ἀνδρὸς</em></strong></span> <span class='ocrx_word' id='word_1_118' title='bbox 699 1549 733 1622; x_wconf 70' lang='grc' dir='ltr'><strong><em>’ἐξ</em></strong></span> <span class='ocrx_word' id='word_1_119' title='bbox 751 1545 801 1609; x_wconf 88' lang='grc' dir='ltr'><strong><em>καλ</em></strong></span> <span class='ocrx_word' id='word_1_120' title='bbox 820 1543 999 1629; x_wconf 77' lang='grc' dir='ltr'><strong><em>ἐνενήκοντα</em></strong></span> <span class='ocrx_word' id='word_1_121' title='bbox 1016 1552 1123 1632; x_wconf 81' lang='grc' dir='ltr'><strong><em>βεβιω-</em></strong></span> 
     </span>
     <span class='ocr_line' id='line_1_15' title="bbox 102 1639 1125 1728; baseline 0.003 -21"><span class='ocrx_word' id='word_1_122' title='bbox 102 1639 191 1720; x_wconf 85' lang='grc' dir='ltr'><strong><em>κότος</em></strong></span> <span class='ocrx_word' id='word_1_123' title='bbox 213 1644 273 1726; x_wconf 80' lang='grc' dir='ltr'><strong><em>ἔτη.</em></strong></span> <span class='ocrx_word' id='word_1_124' title='bbox 314 1641 446 1710; x_wconf 81' lang='grc' dir='ltr'><strong><em>ἐκπεσόν</em></strong></span> <span class='ocrx_word' id='word_1_125' title='bbox 467 1669 497 1708; x_wconf 88' lang='grc' dir='ltr'><strong><em>τε</em></strong></span> <span class='ocrx_word' id='word_1_126' title='bbox 519 1650 573 1726; x_wconf 79' lang='grc' dir='ltr'><strong><em>τῆς</em></strong></span> <span class='ocrx_word' id='word_1_127' title='bbox 595 1642 749 1728; x_wconf 78' lang='grc' dir='ltr'><strong><em>άρχῆςέιι</em></strong></span> <span class='ocrx_word' id='word_1_128' title='bbox 766 1650 889 1726; x_wconf 82' lang='grc' dir='ltr'><strong><em>πολεμεῖ</em></strong></span> <span class='ocrx_word' id='word_1_129' title='bbox 898 1641 1053 1728; x_wconf 84' lang='grc' dir='ltr'><strong><em>Ῥωμαίοις</em></strong></span> <span class='ocrx_word' id='word_1_130' title='bbox 1068 1643 1125 1711; x_wconf 86' lang='grc' dir='ltr'><strong><em>ούκ</em></strong></span> 
     </span>
     <span class='ocr_line' id='line_1_16' title="bbox 103 1737 1165 1827; baseline 0.006 -24"><span class='ocrx_word' id='word_1_131' title='bbox 103 1737 212 1804; x_wconf 88' lang='grc' dir='ltr'><strong><em>ἐλάττω</em></strong></span> <span class='ocrx_word' id='word_1_132' title='bbox 239 1740 383 1825; x_wconf 82' lang='grc' dir='ltr'><strong><em>τεττάρων</em></strong></span> <span class='ocrx_word' id='word_1_133' title='bbox 409 1743 459 1806; x_wconf 82' lang='grc' dir='ltr'><strong><em>καλ</em></strong></span> <span class='ocrx_word' id='word_1_134' title='bbox 487 1742 558 1806; x_wconf 77' lang='grc' dir='ltr'><strong><em>δίκα</em></strong></span> <span class='ocrx_word' id='word_1_135' title='bbox 587 1743 678 1821; x_wconf 74' lang='grc' dir='ltr'><strong><em>ἐτῶν,</em></strong></span> <span class='ocrx_word' id='word_1_136' title='bbox 706 1739 795 1818; x_wconf 82' lang='grc' dir='ltr'><strong><em>αύτός</em></strong></span> <span class='ocrx_word' id='word_1_137' title='bbox 816 1742 851 1805; x_wconf 86' lang='grc' dir='ltr'><strong><em>ἐν</em></strong></span> <span class='ocrx_word' id='word_1_138' title='bbox 872 1749 934 1819; x_wconf 78' lang='grc' dir='ltr'><strong><em>τοῖς</em></strong></span> <span class='ocrx_word' id='word_1_139' title='bbox 955 1741 1125 1827; x_wconf 76' lang='grc' dir='ltr'><strong><em>πράγμασιν</em></strong></span> <span class='ocrx_word' id='word_1_140' title='bbox 1139 1757 1165 1799; x_wconf 74' lang='lat'><strong><em>1⁸</em></strong></span> 
     </span>
     <span class='ocr_line' id='line_1_17' title="bbox 104 1834 1124 1923; baseline 0.004 -21"><span class='ocrx_word' id='word_1_141' title='bbox 104 1834 322 1920; x_wconf 72' lang='grc' dir='ltr'><strong><em>ἐξεταζόμενος,</em></strong></span> <span class='ocrx_word' id='word_1_142' title='bbox 345 1837 387 1916; x_wconf 80' lang='grc' dir='ltr'><strong><em>ύς</em></strong></span> <span class='ocrx_word' id='word_1_143' title='bbox 409 1859 512 1921; x_wconf 87' lang='grc' dir='ltr'><strong><em>φασιν.</em></strong></span> <span class='ocrx_word' id='word_1_144' title='bbox 552 1836 569 1904; x_wconf 69' lang='grc' dir='ltr'><strong><em>’ό</em></strong></span> <span class='ocrx_word' id='word_1_145' title='bbox 592 1836 673 1923; x_wconf 85' lang='grc' dir='ltr'><strong><em>παρᾶ</em></strong></span> <span class='ocrx_word' id='word_1_146' title='bbox 699 1836 752 1915; x_wconf 83' lang='grc' dir='ltr'><strong><em>τάς</em></strong></span> <span class='ocrx_word' id='word_1_147' title='bbox 773 1836 878 1916; x_wconf 80' lang='grc' dir='ltr'><strong><em>κοινάς</em></strong></span> <span class='ocrx_word' id='word_1_148' title='bbox 901 1836 1043 1905; x_wconf 75' lang='grc' dir='ltr'><strong><em>ἁπάντων</em></strong></span> <span class='ocrx_word' id='word_1_149' title='bbox 1064 1843 1124 1906; x_wconf 80' lang='grc' dir='ltr'><strong><em>ἐστὶ</em></strong></span> 
     </span>
     <span class='ocr_line' id='line_1_18' title="bbox 106 1933 1125 2025; baseline 0.005 -26"><span class='ocrx_word' id='word_1_150' title='bbox 106 1933 213 2016; x_wconf 80' lang='grc' dir='ltr'><strong><em>δόξας,</em></strong></span> <span class='ocrx_word' id='word_1_151' title='bbox 241 1937 293 2000; x_wconf 86' lang='grc' dir='ltr'><strong><em>καλ</em></strong></span> <span class='ocrx_word' id='word_1_152' title='bbox 321 1933 337 2002; x_wconf 75' lang='grc' dir='ltr'><strong><em>ἔ</em></strong></span> <span class='ocrx_word' id='word_1_153' title='bbox 369 1944 421 2003; x_wconf 82' lang='grc' dir='ltr'><strong><em>τοῦ</em></strong></span> <span class='ocrx_word' id='word_1_154' title='bbox 449 1941 519 2021; x_wconf 81' lang='grc' dir='ltr'><strong><em>βίον</em></strong></span> <span class='ocrx_word' id='word_1_155' title='bbox 547 1935 654 2022; x_wconf 80' lang='grc' dir='ltr'><strong><em>χρόνος</em></strong></span> <span class='ocrx_word' id='word_1_156' title='bbox 681 1933 761 2025; x_wconf 75' lang='grc' dir='ltr'><strong><em>αύτῷ</em></strong></span> <span class='ocrx_word' id='word_1_157' title='bbox 788 1940 898 2002; x_wconf 85' lang='grc' dir='ltr'><strong><em>πλείων</em></strong></span> <span class='ocrx_word' id='word_1_158' title='bbox 927 1934 1125 2020; x_wconf 82' lang='grc' dir='ltr'><strong><em>άναφαίνεται</em></strong></span> 
     </span>
     <span class='ocr_line' id='line_1_19' title="bbox 105 2032 1126 2120; baseline 0.004 -23"><span class='ocrx_word' id='word_1_159' title='bbox 105 2039 166 2098; x_wconf 76' lang='grc' dir='ltr'><strong><em>τῶν</em></strong></span> <span class='ocrx_word' id='word_1_160' title='bbox 198 2033 304 2098; x_wconf 69' lang='grc' dir='ltr'><strong><em>ἑκατόν</em></strong></span> <span class='ocrx_word' id='word_1_161' title='bbox 335 2036 386 2099; x_wconf 84' lang='grc' dir='ltr'><strong><em>καί</em></strong></span> <span class='ocrx_word' id='word_1_162' title='bbox 413 2035 485 2099; x_wconf 80' lang='grc' dir='ltr'><strong><em>δίκα</em></strong></span> <span class='ocrx_word' id='word_1_163' title='bbox 511 2032 640 2120; x_wconf 76' lang='grc' dir='ltr'><strong><em>γεγονός</em></strong></span> <span class='ocrx_word' id='word_1_164' title='bbox 667 2033 754 2099; x_wconf 75' lang='grc' dir='ltr'><strong><em>ἐτῶν·</em></strong></span> <span class='ocrx_word' id='word_1_165' title='bbox 792 2039 878 2099; x_wconf 81' lang='grc' dir='ltr'><strong><em>τούτο</em></strong></span> <span class='ocrx_word' id='word_1_166' title='bbox 911 2034 943 2098; x_wconf 78' lang='grc' dir='ltr'><strong><em>δέ</em></strong></span> <span class='ocrx_word' id='word_1_167' title='bbox 970 2032 1002 2100; x_wconf 78' lang='grc' dir='ltr'><strong><em>τό</em></strong></span> <span class='ocrx_word' id='word_1_168' title='bbox 1031 2041 1126 2118; x_wconf 78' lang='grc' dir='ltr'><strong><em>μῆκος</em></strong></span> 
     </span>
    </p>
   </div>
   <div class='ocr_carea' id='block_1_3' title="bbox 104 2128 1166 2514">
    <p class='ocr_par' dir='ltr' id='par_1_3' title="bbox 104 2128 1166 2514">
     <span class='ocr_line' id='line_1_20' title="bbox 104 2128 1124 2219; baseline 0.006 -24"><span class='ocrx_word' id='word_1_169' title='bbox 104 2137 167 2196; x_wconf 77' lang='grc' dir='ltr'><strong><em>τῶν</em></strong></span> <span class='ocrx_word' id='word_1_170' title='bbox 189 2134 266 2213; x_wconf 84' lang='grc' dir='ltr'><strong><em>βίων</em></strong></span> <span class='ocrx_word' id='word_1_171' title='bbox 288 2128 325 2196; x_wconf 85' lang='grc' dir='ltr'><strong><em>ού</em></strong></span> <span class='ocrx_word' id='word_1_172' title='bbox 347 2131 493 2214; x_wconf 82' lang='grc' dir='ltr'><strong><em>φίροκσιν</em></strong></span> <span class='ocrx_word' id='word_1_173' title='bbox 515 2133 548 2197; x_wconf 84' lang='grc' dir='ltr'><strong><em>οί</em></strong></span> <span class='ocrx_word' id='word_1_174' title='bbox 566 2129 640 2195; x_wconf 80' lang='grc' dir='ltr'><strong><em>καθ’</em></strong></span> <span class='ocrx_word' id='word_1_175' title='bbox 665 2129 743 2215; x_wconf 75' lang='grc' dir='ltr'><strong><em>ἡμᾶς</em></strong></span> <span class='ocrx_word' id='word_1_176' title='bbox 764 2129 857 2197; x_wconf 83' lang='grc' dir='ltr'><strong><em>τάττοι.</em></strong></span> <span class='ocrx_word' id='word_1_177' title='bbox 883 2169 928 2184; x_wconf 78' lang='lat'><em>-</em></span> <span class='ocrx_word' id='word_1_178' title='bbox 948 2133 1064 2200; x_wconf 88' lang='grc' dir='ltr'><strong><em>τούτων</em></strong></span> <span class='ocrx_word' id='word_1_179' title='bbox 1086 2134 1124 2219; x_wconf 75' lang='grc' dir='ltr'><strong><em>δὴ</em></strong></span> 
     </span>
     <span class='ocr_line' id='line_1_21' title="bbox 104 2226 1166 2319; baseline 0.004 -26"><span class='ocrx_word' id='word_1_180' title='bbox 104 2235 167 2293; x_wconf 80' lang='grc' dir='ltr'><strong><em>τῶν</em></strong></span> <span class='ocrx_word' id='word_1_181' title='bbox 194 2226 352 2294; x_wconf 77' lang='grc' dir='ltr'><strong><em>ἀδυνάτων</em></strong></span> <span class='ocrx_word' id='word_1_182' title='bbox 382 2254 412 2294; x_wconf 88' lang='grc' dir='ltr'><strong><em>τε</em></strong></span> <span class='ocrx_word' id='word_1_183' title='bbox 442 2231 493 2293; x_wconf 83' lang='grc' dir='ltr'><strong><em>καλ</em></strong></span> <span class='ocrx_word' id='word_1_184' title='bbox 522 2227 642 2295; x_wconf 82' lang='grc' dir='ltr'><strong><em>ύτόπεον</em></strong></span> <span class='ocrx_word' id='word_1_185' title='bbox 674 2231 781 2295; x_wconf 76' lang='grc' dir='ltr'><strong><em>ἕκαστα</em></strong></span> <span class='ocrx_word' id='word_1_186' title='bbox 807 2229 1042 2315; x_wconf 78' lang='grc' dir='ltr'><strong><em>ἐπιλογιζόμενος</em></strong></span> <span class='ocrx_word' id='word_1_187' title='bbox 1070 2231 1125 2319; x_wconf 80' lang='grc' dir='ltr'><strong><em>ούχ</em></strong></span> <span class='ocrx_word' id='word_1_188' title='bbox 1139 2257 1166 2297; x_wconf 77' lang='grc' dir='ltr'><strong><em>το</em></strong></span> 
     </span>
     <span class='ocr_line' id='line_1_22' title="bbox 106 2323 1125 2414; baseline 0.006 -23"><span class='ocrx_word' id='word_1_189' title='bbox 106 2325 194 2404; x_wconf 77' lang='grc' dir='ltr'><strong><em>υἱούς</em></strong></span> <span class='ocrx_word' id='word_1_190' title='bbox 222 2323 298 2392; x_wconf 87' lang='grc' dir='ltr'><strong><em>είναι</em></strong></span> <span class='ocrx_word' id='word_1_191' title='bbox 328 2331 497 2412; x_wconf 78' lang='grc' dir='ltr'><strong><em>Ταρκυνίου</em></strong></span> <span class='ocrx_word' id='word_1_192' title='bbox 524 2325 631 2414; x_wconf 85' lang='grc' dir='ltr'><strong><em>γράφω</em></strong></span> <span class='ocrx_word' id='word_1_193' title='bbox 657 2326 727 2405; x_wconf 77' lang='grc' dir='ltr'><strong><em>τοὺς</em></strong></span> <span class='ocrx_word' id='word_1_194' title='bbox 753 2331 864 2405; x_wconf 85' lang='grc' dir='ltr'><strong><em>παῖδας</em></strong></span> <span class='ocrx_word' id='word_1_195' title='bbox 890 2323 955 2394; x_wconf 79' lang='grc' dir='ltr'><strong><em>ἄλλ’</em></strong></span> <span class='ocrx_word' id='word_1_196' title='bbox 984 2329 1125 2414; x_wconf 79' lang='grc' dir='ltr'><strong><em>υἱωνοὺς,</em></strong></span> 
     </span>
     <span class='ocr_line' id='line_1_23' title="bbox 107 2425 1126 2514; baseline 0.006 -26"><span class='ocrx_word' id='word_1_197' title='bbox 107 2425 232 2512; x_wconf 78' lang='grc' dir='ltr'><strong><em>Λευκίῳ</em></strong></span> <span class='ocrx_word' id='word_1_198' title='bbox 261 2427 394 2490; x_wconf 89' lang='grc' dir='ltr'><strong><em>Πείσωνι</em></strong></span> <span class='ocrx_word' id='word_1_199' title='bbox 420 2430 460 2514; x_wconf 71' lang='grc' dir='ltr'><strong><em>τῷ</em></strong></span> <span class='ocrx_word' id='word_1_200' title='bbox 492 2426 589 2510; x_wconf 82' lang='grc' dir='ltr'><strong><em>Φρυγί</em></strong></span> <span class='ocrx_word' id='word_1_201' title='bbox 619 2427 884 2511; x_wconf 76' lang='grc' dir='ltr'><strong><em>συγκαταθέμενος.</em></strong></span> <span class='ocrx_word' id='word_1_202' title='bbox 930 2427 1043 2506; x_wconf 75' lang='grc' dir='ltr'><strong><em>ἐκεῖνος</em></strong></span> <span class='ocrx_word' id='word_1_203' title='bbox 1069 2426 1126 2514; x_wconf 83' lang='grc' dir='ltr'><strong><em>γάρ</em></strong></span> 
     </span>
    </p>
   </div>
   <div class='ocr_carea' id='block_1_4' title="bbox 107 2521 1168 3424">
    <p class='ocr_par' dir='ltr' id='par_1_4' title="bbox 107 2521 1125 2706">
     <span class='ocr_line' id='line_1_24' title="bbox 108 2521 1125 2613; baseline 0.006 -27"><span class='ocrx_word' id='word_1_204' title='bbox 108 2523 144 2586; x_wconf 87' lang='grc' dir='ltr'><strong><em>ἐν</em></strong></span> <span class='ocrx_word' id='word_1_205' title='bbox 167 2529 231 2598; x_wconf 87' lang='grc' dir='ltr'><strong><em>ταῖς</em></strong></span> <span class='ocrx_word' id='word_1_206' title='bbox 252 2523 416 2599; x_wconf 76' lang='grc' dir='ltr'><strong><em>ἐνιαυσίοις</em></strong></span> <span class='ocrx_word' id='word_1_207' title='bbox 437 2526 646 2610; x_wconf 84' lang='grc' dir='ltr'><strong><em>πραγματείαις</em></strong></span> <span class='ocrx_word' id='word_1_208' title='bbox 672 2530 757 2590; x_wconf 84' lang='grc' dir='ltr'><strong><em>τοῦτο</em></strong></span> <span class='ocrx_word' id='word_1_209' title='bbox 779 2521 913 2609; x_wconf 76' lang='grc' dir='ltr'><strong><em>ἱστόρηκε</em></strong></span> <span class='ocrx_word' id='word_1_210' title='bbox 936 2523 1037 2607; x_wconf 91' lang='grc' dir='ltr'><strong><em>μόνος.</em></strong></span> <span class='ocrx_word' id='word_1_211' title='bbox 1070 2525 1125 2613; x_wconf 80' lang='lat' dir='ltr'><em>(cs.</em></span> 
     </span>
     <span class='ocr_line' id='line_1_25' title="bbox 107 2617 481 2706; baseline 0 -22"><span class='ocrx_word' id='word_1_212' title='bbox 107 2640 135 2684; x_wconf 84' lang='lat' dir='ltr'><strong><em>c.</em></strong></span> <span class='ocrx_word' id='word_1_213' title='bbox 155 2621 184 2682; x_wconf 88' lang='grc'><strong><em>8.</em></strong></span> <span class='ocrx_word' id='word_1_214' title='bbox 203 2621 254 2684; x_wconf 83' lang='grc'><strong><em>28.</em></strong></span> <span class='ocrx_word' id='word_1_215' title='bbox 273 2623 323 2683; x_wconf 84' lang='lat'><strong><em>31.</em></strong></span> <span class='ocrx_word' id='word_1_216' title='bbox 341 2623 393 2684; x_wconf 86' lang='lat'><strong><em>33.</em></strong></span> <span class='ocrx_word' id='word_1_217' title='bbox 412 2617 481 2706; x_wconf 71' lang='lat'><strong><em>34.)</em></strong></span> 
     </span>
    </p>

    <p class='ocr_par' dir='ltr' id='par_1_5' title="bbox 108 2712 1168 3424">
     <span class='ocr_line' id='line_1_26' title="bbox 201 2712 1167 2802; baseline 0.006 -23"><span class='ocrx_word' id='word_1_218' title='bbox 201 2712 285 2782; x_wconf 62' lang='lat'><strong>16³³.</strong></span> <span class='ocrx_word' id='word_1_219' title='bbox 312 2721 380 2784; x_wconf 75' lang='lat' dir='ltr'><strong><em>Liu.</em></strong></span> <span class='ocrx_word' id='word_1_220' title='bbox 396 2722 417 2781; x_wconf 93' lang='grc' dir='ltr'><em>Ι</em></span> <span class='ocrx_word' id='word_1_221' title='bbox 426 2721 478 2796; x_wconf 80' lang='lat'><strong><em>55,</em></strong></span> <span class='ocrx_word' id='word_1_222' title='bbox 495 2723 517 2781; x_wconf 90' lang='grc'><strong><em>7</em></strong></span> <span class='ocrx_word' id='word_1_223' title='bbox 544 2721 647 2801; x_wconf 78' lang='lat' dir='ltr'><strong>itaquo</strong></span> <span class='ocrx_word' id='word_1_224' title='bbox 668 2721 840 2802; x_wconf 76' lang='lat' dir='ltr'><strong>Pomptinae</strong></span> <span class='ocrx_word' id='word_1_225' title='bbox 859 2721 1016 2784; x_wconf 82' lang='lat' dir='ltr'>manubiae</span> <span class='ocrx_word' id='word_1_226' title='bbox 1035 2722 1127 2801; x_wconf 78' lang='lat' dir='ltr'><strong><em>[quus</em></strong></span> <span class='ocrx_word' id='word_1_227' title='bbox 1141 2743 1167 2785; x_wconf 78' lang='grc' dir='ltr'><strong><em>ιτ</em></strong></span> 
     </span>
     <span class='ocr_line' id='line_1_27' title="bbox 108 2809 1126 2891; baseline 0.005 -21"><span class='ocrx_word' id='word_1_228' title='bbox 108 2814 238 2885; x_wconf 71' lang='lat' dir='ltr'><strong><em>ceperat</em></strong></span> <span class='ocrx_word' id='word_1_229' title='bbox 251 2809 436 2885; x_wconf 76' lang='lat' dir='ltr'><strong><em>Tarquinius</em></strong></span> <span class='ocrx_word' id='word_1_230' title='bbox 450 2809 607 2889; x_wconf 75' lang='lat' dir='ltr'><strong><em>Superbus</em></strong></span> <span class='ocrx_word' id='word_1_231' title='bbox 620 2812 698 2874; x_wconf 81' lang='lat' dir='ltr'><strong><em>urbe</em></strong></span> <span class='ocrx_word' id='word_1_232' title='bbox 711 2809 914 2891; x_wconf 76' lang='grc' dir='ltr'><strong><em>εαρυςιιυία],</em></strong></span> <span class='ocrx_word' id='word_1_233' title='bbox 928 2828 1003 2889; x_wconf 81' lang='lat' dir='ltr'><strong><em>quae</em></strong></span> <span class='ocrx_word' id='word_1_234' title='bbox 1018 2812 1126 2891; x_wconf 82' lang='lat' dir='ltr'><strong>perdu-</strong></span> 
     </span>
     <span class='ocr_line' id='line_1_28' title="bbox 108 2895 1126 2981; baseline 0.004 -23"><span class='ocrx_word' id='word_1_235' title='bbox 108 2895 206 2958; x_wconf 82' lang='lat' dir='ltr'><strong>cendo</strong></span> <span class='ocrx_word' id='word_1_236' title='bbox 220 2895 259 2957; x_wconf 81' lang='lat' dir='ltr'><strong><em>ad</em></strong></span> <span class='ocrx_word' id='word_1_237' title='bbox 273 2897 391 2960; x_wconf 81' lang='lat' dir='ltr'><strong><em>culmen</em></strong></span> <span class='ocrx_word' id='word_1_238' title='bbox 409 2901 494 2978; x_wconf 85' lang='lat' dir='ltr'><strong>operi</strong></span> <span class='ocrx_word' id='word_1_239' title='bbox 508 2897 629 2977; x_wconf 82' lang='grc' dir='ltr'><strong><em>[ίακμίο</em></strong></span> <span class='ocrx_word' id='word_1_240' title='bbox 648 2897 828 2978; x_wconf 77' lang='lat' dir='ltr'><strong><em>Capitolino]</em></strong></span> <span class='ocrx_word' id='word_1_241' title='bbox 850 2899 1013 2960; x_wconf 78' lang='lat' dir='ltr'><strong>destinatae</strong></span> <span class='ocrx_word' id='word_1_242' title='bbox 1033 2909 1126 2981; x_wconf 82' lang='lat' dir='ltr'><strong>erant,</strong></span> 
     </span>
     <span class='ocr_line' id='line_1_29' title="bbox 109 2985 1127 3069; baseline 0.003 -22"><span class='ocrx_word' id='word_1_243' title='bbox 109 2987 201 3047; x_wconf 87' lang='lat' dir='ltr'><strong>uixin</strong></span> <span class='ocrx_word' id='word_1_244' title='bbox 209 2985 401 3049; x_wconf 80' lang='lat' dir='ltr'><strong>fundamenta</strong></span> <span class='ocrx_word' id='word_1_245' title='bbox 409 2988 648 3067; x_wconf 84' lang='lat' dir='ltr'><strong><em>suppeditauere.</em></strong></span> <span class='ocrx_word' id='word_1_246' title='bbox 656 2987 801 3067; x_wconf 74' lang='lat' dir='ltr'><strong>Bomagis</strong></span> <span class='ocrx_word' id='word_1_247' title='bbox 809 2986 908 3068; x_wconf 83' lang='lat' dir='ltr'><strong>Fabio,</strong></span> <span class='ocrx_word' id='word_1_248' title='bbox 917 2995 1127 3069; x_wconf 79' lang='lat' dir='ltr'><strong>praeterquam</strong></span> 
     </span>
     <span class='ocr_line' id='line_1_30' title="bbox 109 3073 1127 3160; baseline 0.004 -24"><span class='ocrx_word' id='word_1_249' title='bbox 109 3073 199 3154; x_wconf 84' lang='lat' dir='ltr'><strong><em>quod·</em></strong></span> <span class='ocrx_word' id='word_1_250' title='bbox 211 3077 362 3156; x_wconf 83' lang='lat' dir='ltr'>antiquior</span> <span class='ocrx_word' id='word_1_251' title='bbox 380 3084 442 3158; x_wconf 79' lang='lat' dir='ltr'><strong>est,</strong></span> <span class='ocrx_word' id='word_1_252' title='bbox 460 3077 652 3160; x_wconf 81' lang='lat' dir='ltr'><strong>crediderim,</strong></span> <span class='ocrx_word' id='word_1_253' title='bbox 672 3077 866 3158; x_wconf 74' lang='lat' dir='ltr'><strong><em>quadraginta</em></strong></span> <span class='ocrx_word' id='word_1_254' title='bbox 885 3094 919 3137; x_wconf 84' lang='lat' dir='ltr'><strong><em>ea</em></strong></span> <span class='ocrx_word' id='word_1_255' title='bbox 937 3076 999 3138; x_wconf 77' lang='lat' dir='ltr'>sola</span> <span class='ocrx_word' id='word_1_256' title='bbox 1018 3077 1127 3140; x_wconf 78' lang='lat' dir='ltr'>talenta</span> 
     </span>
     <span class='ocr_line' id='line_1_31' title="bbox 109 3161 1168 3248; baseline 0.006 -24"><span class='ocrx_word' id='word_1_257' title='bbox 109 3163 205 3224; x_wconf 82' lang='lat' dir='ltr'><strong><em>fuisse</em></strong></span> <span class='ocrx_word' id='word_1_258' title='bbox 230 3161 288 3241; x_wconf 86' lang='lat' dir='ltr'><strong><em>[fr.</em></strong></span> <span class='ocrx_word' id='word_1_259' title='bbox 303 3163 357 3244; x_wconf 83' lang='lat'><strong><em>13]</em></strong></span> <span class='ocrx_word' id='word_1_260' title='bbox 382 3184 472 3245; x_wconf 87' lang='lat' dir='ltr'><strong><em>quam</em></strong></span> <span class='ocrx_word' id='word_1_261' title='bbox 495 3165 610 3248; x_wconf 81' lang='lat' dir='ltr'><strong>Pisoni,</strong></span> <span class='ocrx_word' id='word_1_262' title='bbox 634 3169 686 3247; x_wconf 86' lang='lat' dir='ltr'><strong><em>qui</em></strong></span> <span class='ocrx_word' id='word_1_263' title='bbox 710 3166 904 3246; x_wconf 74' lang='lat' dir='ltr'><strong><em>quadraginta</em></strong></span> <span class='ocrx_word' id='word_1_264' title='bbox 927 3166 1007 3228; x_wconf 82' lang='lat' dir='ltr'><strong>milia</strong></span> <span class='ocrx_word' id='word_1_265' title='bbox 1028 3167 1127 3248; x_wconf 81' lang='lat' dir='ltr'><strong>pondo</strong></span> <span class='ocrx_word' id='word_1_266' title='bbox 1142 3189 1168 3230; x_wconf 82' lang='grc' dir='ltr'><strong><em>οο</em></strong></span> 
     </span>
     <span class='ocr_line' id='line_1_32' title="bbox 109 3253 1127 3337; baseline 0.006 -26"><span class='ocrx_word' id='word_1_267' title='bbox 109 3253 228 3330; x_wconf 78' lang='lat' dir='ltr'><strong>argenti</strong></span> <span class='ocrx_word' id='word_1_268' title='bbox 255 3255 386 3332; x_wconf 82' lang='lat' dir='ltr'><strong>seposita</strong></span> <span class='ocrx_word' id='word_1_269' title='bbox 413 3257 445 3315; x_wconf 89' lang='lat' dir='ltr'><strong><em>in</em></strong></span> <span class='ocrx_word' id='word_1_270' title='bbox 473 3273 537 3316; x_wconf 81' lang='lat' dir='ltr'><strong><em>eam</em></strong></span> <span class='ocrx_word' id='word_1_271' title='bbox 567 3273 631 3316; x_wconf 82' lang='lat' dir='ltr'><strong><em>rem</em></strong></span> <span class='ocrx_word' id='word_1_272' title='bbox 659 3253 777 3337; x_wconf 81' lang='lat' dir='ltr'><strong>scribit,</strong></span> <span class='ocrx_word' id='word_1_273' title='bbox 809 3273 955 3316; x_wconf 81' lang='lat' dir='ltr'><strong><em>summam</em></strong></span> <span class='ocrx_word' id='word_1_274' title='bbox 982 3259 1127 3336; x_wconf 79' lang='lat' dir='ltr'><strong><em>pecuniae</em></strong></span> 
     </span>
     <span class='ocr_line' id='line_1_33' title="bbox 109 3343 1128 3424; baseline 0.006 -24"><span class='ocrx_word' id='word_1_275' title='bbox 109 3357 211 3419; x_wconf 79' lang='lat' dir='ltr'><strong><em>neque</em></strong></span> <span class='ocrx_word' id='word_1_276' title='bbox 239 3359 275 3402; x_wconf 83' lang='lat' dir='ltr'><strong><em>ex</em></strong></span> <span class='ocrx_word' id='word_1_277' title='bbox 305 3345 394 3404; x_wconf 83' lang='lat' dir='ltr'><strong><em>unius</em></strong></span> <span class='ocrx_word' id='word_1_278' title='bbox 421 3351 486 3406; x_wconf 88' lang='lat' dir='ltr'><strong><em>tum</em></strong></span> <span class='ocrx_word' id='word_1_279' title='bbox 512 3343 598 3406; x_wconf 83' lang='lat' dir='ltr'><strong>urhis</strong></span> <span class='ocrx_word' id='word_1_280' title='bbox 625 3344 735 3424; x_wconf 79' lang='lat' dir='ltr'><strong>praeda</strong></span> <span class='ocrx_word' id='word_1_281' title='bbox 765 3344 941 3424; x_wconf 83' lang='lat' dir='ltr'><strong>sperandam</strong></span> <span class='ocrx_word' id='word_1_282' title='bbox 963 3353 995 3408; x_wconf 82' lang='lat' dir='ltr'><strong><em>et</em></strong></span> <span class='ocrx_word' id='word_1_283' title='bbox 1016 3346 1128 3407; x_wconf 84' lang='lat' dir='ltr'><strong><em>nuliius</em></strong></span> 
     </span>
    </p>
   </div>
   <div class='ocr_carea' id='block_1_5' title="bbox 110 3428 1129 3598">
    <p class='ocr_par' dir='ltr' id='par_1_6' title="bbox 110 3428 1129 3598">
     <span class='ocr_line' id='line_1_34' title="bbox 110 3428 1129 3515; baseline 0.006 -26"><span class='ocrx_word' id='word_1_284' title='bbox 110 3447 150 3490; x_wconf 83' lang='lat' dir='ltr'><strong><em>ne</em></strong></span> <span class='ocrx_word' id='word_1_285' title='bbox 173 3428 282 3492; x_wconf 85' lang='lat' dir='ltr'><strong>horum</strong></span> <span class='ocrx_word' id='word_1_286' title='bbox 306 3432 427 3511; x_wconf 84' lang='lat' dir='ltr'><strong>quidem</strong></span> <span class='ocrx_word' id='word_1_287' title='bbox 450 3434 686 3512; x_wconf 80' lang='lat' dir='ltr'><strong>magnificentiae</strong></span> <span class='ocrx_word' id='word_1_288' title='bbox 709 3451 834 3515; x_wconf 83' lang='lat' dir='ltr'><strong>operum</strong></span> <span class='ocrx_word' id='word_1_289' title='bbox 857 3433 1048 3498; x_wconf 82' lang='lat' dir='ltr'><strong>fundamenta</strong></span> <span class='ocrx_word' id='word_1_290' title='bbox 1068 3453 1129 3496; x_wconf 90' lang='lat' dir='ltr'><strong><em>non</em></strong></span> 
     </span>
     <span class='ocr_line' id='line_1_35' title="bbox 110 3527 372 3598; baseline 0.008 -19"><span class='ocrx_word' id='word_1_291' title='bbox 110 3527 372 3598; x_wconf 82' lang='lat' dir='ltr'><strong><em>exsuperaturum.</em></strong></span> 
     </span>
    </p>
   </div>
   <div class='ocr_carea' id='block_1_6' title="bbox 166 3602 1169 3774">
    <p class='ocr_par' dir='ltr' id='par_1_7' title="bbox 166 3602 1169 3774">
     <span class='ocr_line' id='line_1_36' title="bbox 205 3602 1169 3689; baseline 0.005 -20"><span class='ocrx_word' id='word_1_292' title='bbox 205 3602 264 3672; x_wconf 79' lang='lat'><strong><em>17.</em></strong></span> <span class='ocrx_word' id='word_1_293' title='bbox 293 3611 390 3674; x_wconf 79' lang='lat' dir='ltr'><strong>Prisc.</strong></span> <span class='ocrx_word' id='word_1_294' title='bbox 409 3612 446 3674; x_wconf 84' lang='lat' dir='ltr'><em>X</em></span> <span class='ocrx_word' id='word_1_295' title='bbox 456 3630 486 3689; x_wconf 83' lang='grc' dir='ltr'><strong><em>μ.</em></strong></span> <span class='ocrx_word' id='word_1_296' title='bbox 507 3611 577 3672; x_wconf 81' lang='grc'><strong><em>497</em></strong></span> <span class='ocrx_word' id='word_1_297' title='bbox 595 3613 632 3673; x_wconf 84' lang='grc' dir='ltr'><strong><em>Η.</em></strong></span> <span class='ocrx_word' id='word_1_298' title='bbox 664 3610 733 3674; x_wconf 88' lang='lat' dir='ltr'><strong>Piso</strong></span> <span class='ocrx_word' id='word_1_299' title='bbox 761 3612 953 3674; x_wconf 81' lang='lat' dir='ltr'><strong>historiarum</strong></span> <span class='ocrx_word' id='word_1_300' title='bbox 981 3611 1008 3675; x_wconf 87' lang='lat'><strong><em>1:</em></strong></span> <span class='ocrx_word' id='word_1_301' title='bbox 1037 3613 1128 3674; x_wconf 86' lang='lat' dir='ltr'><strong><em>Cuius</em></strong></span> <span class='ocrx_word' id='word_1_302' title='bbox 1142 3633 1169 3674; x_wconf 75' lang='grc' dir='ltr'><strong><em>οε</em></strong></span> 
     </span>
     <span class='ocr_line' id='line_1_37' title="bbox 166 3719 968 3774; baseline 0.007 -15"><span class='ocrx_word' id='word_1_303' title='bbox 166 3719 261 3770; x_wconf 69' lang='lat' dir='ltr'><strong><em>run,</em></strong></span> <span class='ocrx_word' id='word_1_304' title='bbox 274 3720 337 3766; x_wconf 78' lang='lat' dir='ltr'><strong><em>mu.</em></strong></span> <span class='ocrx_word' id='word_1_305' title='bbox 352 3721 417 3764; x_wconf 74' lang='lat' dir='ltr'><strong>nom.</strong></span> <span class='ocrx_word' id='word_1_306' title='bbox 431 3722 513 3774; x_wconf 60' lang='lat' dir='ltr'><strong><em>rrum.</em></strong></span> <span class='ocrx_word' id='word_1_307' title='bbox 952 3721 968 3770; x_wconf 82' lang='lat'><strong>6</strong></span> 
     </span>
    </p>
   </div>
   <div class='ocr_carea' id='block_1_7' title="bbox 0 0 1355 4058">
    <p class='ocr_par' dir='ltr' id='par_1_8' title="bbox 0 0 1355 4058">
     <span class='ocr_line' id='line_1_38' title="bbox 0 0 1355 4058; baseline 0 0"><span class='ocrx_word' id='word_1_308' title='bbox 0 0 1355 4058; x_wconf 95' lang='lat' dir='ltr'><strong><em> </em></strong></span> 
     </span>
    </p>
   </div>
  </div>
 </body>
</html>
