2638 4056
180 227 210 282 L.
221 225 354 283 sunive
368 225 512 284 PHILOL.
532 226 562 282 O.
573 226 674 284 sth.
686 225 831 284 GALBAE
860 228 962 287 TEST.
973 235 1051 286 1-2.
1062 229 1127 294 237

311 488 357 573 L.
389 485 575 574 Arulis
607 487 936 577 PHILOLOGVS

418 657 422 666 ’
498 635 753 692 TESTIMONIVM

83 745 115 810 l.
140 750 221 810 Suet.
232 751 271 810 cle
281 766 410 826 gramm.
421 750 465 809 10
474 769 506 828 p.
517 750 586 809 107
599 748 651 825 Jef.
675 750 778 810 Ateius
787 749 959 830 Philologus
973 750 1131 814 libertinus

116 837 240 899 Athenis
269 845 315 899 est
341 845 437 899 natus.
472 839 552 900 hunc
576 838 679 918 Capito
707 838 809 900 Ateius
840 845 930 901 notus
958 842 1033 902 iuris
1063 859 1132 902 con·

117 926 213 988 sullus
236 929 317 988 iuter
340 930 549 1006 grammaticos
572 927 736 1007 rhetorem,
764 929 844 988 inter
872 928 1009 990 rhetores
1037 947 1131 1009 gram-

116 1017 258 1078 maticum
280 1016 374 1077 fuisse
397 1018 446 1078 ait.
475 1016 511 1077 de
536 1015 640 1078 eodem
658 1017 779 1077 Asinius
798 1015 891 1077 Pollio
913 1018 945 1078 in
968 1016 1131 1099 libroque

117 1103 249 1167 Sallustii
267 1107 379 1185 scripta
398 1104 591 1185 reprehendit
613 1112 647 1167 ut
670 1107 760 1167 nimia
778 1107 947 1185 priscorum
968 1105 1160 1168 uerborums

116 1195 281 1256 imitatione
309 1193 413 1275 oblita,
440 1196 482 1256 ite
510 1195 613 1256 tradit:
641 1190 692 1255 ‘ln
706 1187 780 1254 ⁴eam
809 1211 873 1256 rem
901 1195 1081 1256 adiutorium
1104 1197 1133 1256 ei

116 1283 187 1345 iecit
209 1285 336 1345 maxime
360 1283 481 1363 quidem
501 1283 605 1346 Ateius
627 1282 834 1345 Praetextatus
857 1283 966 1346 nobilis
982 1302 1133 1364 gramma-

116 1373 194 1433 ticus
221 1371 358 1453 Latinus,
388 1371 617 1436 declamantium
646 1372 752 1433 deinde
785 1372 903 1434 auditor
931 1379 1020 1451 atque
1047 1391 1131 1453 prae-

115 1468 233 1542 ceptor,
257 1461 293 1522 ad
317 1479 462 1523 summam
485 1460 656 1541 Philologus
682 1461 720 1522 ab
748 1469 842 1522 semet
870 1458 1065 1523 nominatus'.
1091 1495 1128 1505 -

116 1549 208 1611 coluit
229 1558 333 1630 postea
360 1549 587 1612 familiarissime
612 1551 643 1612 G.
667 1550 840 1613 Sallustium
869 1559 899 1612 et
927 1569 962 1611 eo
991 1551 1173 1612 deiuncto10

116 1640 251 1700 Asinium
274 1638 451 1721 Pollionem,
481 1657 555 1720 quos
582 1640 738 1702 historiam
765 1657 945 1720 componere
976 1657 1132 1720 aggressos

115 1727 243 1790 alterum
266 1728 416 1791 breuiario
439 1746 542 1790 rerum
565 1731 699 1791 omnium
720 1728 933 1809 Romanarum,
957 1747 994 1789 ex
1022 1728 1132 1809 quihus

116 1834 190 1896 quas
205 1816 296 1878 uellet
310 1815 441 1896 eligeret,
456 1819 608 1899 instruxit,
627 1818 752 1879 alterum
771 1819 940 1896 praeceptis
959 1818 996 1879 de
1016 1820 1131 1879 ratione

116 1904 276 1966 scribendi.
314 1924 372 1985 quo
402 1907 496 1984 magis
523 1908 616 1967 miror
643 1905 780 1967 Asinium
807 1906 983 1986 credidisse,
1011 1909 1131 1987 antiqua

116 2011 184 2056 eum
208 1993 301 2056 uerba
324 2000 355 2054 et
376 1994 487 2073 figuras
510 1993 630 2056 solitum
649 2011 715 2055 esse
735 1992 874 2073 colligere
894 1993 1042 2076 Sallustio,
1062 2013 1131 2056 cum
1145 2008 1171 2050 1⁶

116 2083 174 2145 sihi
206 2085 281 2145 sciat
307 2081 350 2143 nil
377 2081 456 2145 aliud
489 2082 616 2145 suadere
648 2100 750 2163 quam·
763 2090 798 2144 ut
833 2090 905 2144 noto
933 2081 1074 2162 ciuilique
1103 2091 1133 2144 et

115 2174 238 2252 proprio
275 2189 412 2234 sermone
448 2179 550 2234 utatur
588 2173 724 2252 uitetque
756 2173 883 2234 maxime
915 2170 1131 2234 obscuritatem

117 2259 239 2323 Sallusti
262 2270 292 2323 et
315 2259 468 2323 audaciam
491 2263 522 2322 in
546 2260 799 2323 translationibus.

397 2463 399 2468 .
492 2413 751 2470 FRAGMENTVM

208 2503 367 2590 l*.'Seru.
382 2529 427 2590 od
445 2529 533 2605 Verg.
546 2529 620 2591 Aen.
636 2527 734 2589 1273
757 2527 860 2589 Ateius
879 2527 990 2588 adserit
1008 2525 1130 2588 Romam

116 2621 183 2675 ante
207 2614 368 2677 aduentum
387 2616 520 2679 Euandri
538 2618 591 2679 diu
605 2616 767 2678 Valentiam
790 2618 963 2696 uocitatam,
988 2615 1040 2676 sed
1062 2625 1131 2696 post
1145 2629 1183 2670 to·

116 2703 228 2766 Graeco
251 2706 371 2804 nomine
394 2704 508 2768 Romen
531 2708 700 2768 uocitatam.
911 2723 912 2726 ¹

347 2992 390 3080 G.
424 2992 689 3083 svhrlclvs
721 2992 901 3080 GALBA

511 3142 740 3199 TESTIMONIA

81 3248 115 3315 l.
139 3257 220 3318 Suet.
242 3256 364 3319 saraa
385 3255 469 3317 Auus
488 3255 620 3334 [Galbae
642 3255 849 3335 imperatoris]
855 3248 870 3337 ,'
891 3253 1000 3318 clarior
1023 3255 1130 3317 studiis

114 3361 205 3424 quam
218 3345 361 3425 dignitate
375 3337 544 3428 (nonenim
558 3362 697 3424 egressus
710 3353 868 3426 praeturae
883 3340 1007 3427 statum)
1033 3344 1130 3406 multi·

115 3433 223 3514 plicem
246 3451 302 3496 nec
324 3435 505 3496 incuriosam
529 3434 684 3495 historiam
707 3434 808 3496 edidit.

81 3515 115 3583 2.
138 3523 239 3586 Plinio
268 3526 300 3586 in
327 3542 356 3585 a.
384 3527 412 3586 h.
442 3531 552 3587 auctor
575 3522 639 3600 suit
669 3525 699 3585 O.
726 3525 824 3585 Galba
850 3541 910 3586 rec.
934 3525 995 3584 ind.
1021 3525 1052 3583 in
1080 3523 1131 3584 lid.
1144 3533 1171 3576 ’ὅ
