2620 4054
171 219 238 284 314
551 221 640 275 IVLII
659 219 816 276 SECVNDI
840 293 851 312 ·

171 363 372 448 ματηφόρους,
394 363 426 430 τὸ
450 374 502 432 τοῦ
520 367 663 449 Νέρωνος
680 363 770 432 θετὸν
793 365 888 449 ὄνομα
910 366 1189 450 προσγεγραμμένον

171 465 327 551 ἔχοντα
287 489 326 527 τω
340 469 393 527 τοῦ
408 461 556 539 ”.Οθωνος
574 461 652 549 (uid.
666 467 760 526 Tact't.
770 468 838 527 utet.
854 469 875 527 I
887 465 937 525 78
961 467 1043 528 Suet.
1058 467 1123 528 oth
1142 461 1186 546 7.)

110 573 163 622 364
262 565 322 632 4*.
339 574 416 632 Prot.
398 579 546 648 mquaest
561 573 646 633 Rom.
661 571 730 631 107
744 565 791 632 Ἢ
806 565 885 632 dr’u
866 595 907 650 ην
925 570 985 632 αλτ
971 573 1021 632 αν
1036 567 1187 652 Κλουβιος

110 642 333 744 3-9οῬοὖφοςί
331 663 464 748 στόρηιιε;
491 667 569 747 Φησι
591 663 647 788 χᾶρ
671 668 704 730 ἐν
726 674 787 742 τοῖς
808 664 890 731 πάνυ
914 675 1050 743 παλαιοῖς
1068 665 1188 749 χρόνοις

171 766 266 826 Γαΐου
288 788 317 828 τε
340 767 524 828 Σουλπικίου
552 765 602 828 καί
629 768 771 829 Λικινίου
798 761 995 842 Στόλωνος“
980 762 1216 830 υπατευόντωνσ

170 859 303 944 λοιμώδη
332 859 422 928 νόσον
449 863 482 925 ἐν
505 858 602 947 Pw'pp
629 863 793 1024 γενομένην
830 861 943 940 πάντας
975 860 1091 946 ὁμαλῶς
1123 866 1187 927 δια-

171 967 290 1042 ρθεῑραι
312 957 381 1035 τοὺς
403 961 451 1023 ἐπί
474 956 589 1042 σκηνηυ
606 962 854 1044 προερχομένους
879 953 1089 1043 δεηθεῖσιν
1054 987 1109 1026 ουν
1137 959 1188 1024 αὖ·

171 1066 293 1134 τοῖςτι
260 1058 293 1122 ἐτι
322 1061 489 1140 Τυρρηνίας
516 1059 616 1123 ἐλθεῖν
643 1056 771 1135 πολλοὺς
802 1061 852 1124 καί
883 1057 1019 1144 ἆγαθσνς
1050 1063 1189 1142 τεχνίτας,

173 1146 217 1218 ὦν
238 1151 290 1219 τὸν
311 1152 498 1238 πρωτεύοντα
522 1154 594 1241 δόξη
617 1158 668 1220 καὶ
685 1155 782 1245 χρόνῳ
800 1165 936 1223 πλαίσιον
953 1151 1199 1240 ἐνευημεροῦντα

170 1259 232 1327 τοῖς
254 1247 400 1373 θεότρρις
419 1252 534 1336 Ἴστρον
562 1251 772 1337 ὀνομάζεσθαι·
805 1258 855 1320 καί
883 1254 933 1320 διὰ
960 1262 1045 1320 τοῦτο
1073 1281 1187 1332 παντως
1202 1279 1229 1319 1o

171 1348 365 1432 ι’στρίωνας’
348 1349 400 1414 απ’
426 1353 540 1416 ἐκείνου
562 1352 844 1435 προσαγορεύεσθαι.

344 1571 346 1578 ’
443 1588 614 1676 IVLIVS
648 1588 915 1678 SECVNDVS

567 1746 792 1803 TESTIMONIA

138 1852 171 1919 l.
196 1860 275 1920 Ρίιιλ.
298 1861 364 1922 θίλ.
379 1860 409 1922 9.
435 1865 529 1924 Τοῦτο
553 1859 607 1941 μὲν
629 1861 758 1942 διηγεῖτο
781 1863 952 1937 Σεκοῦνδος
975 1859 992 1926 ὁ
1015 1859 1120 1945 ῥήτωρ,
1139 1862 1188 1925 ἐπὶ

170 1961 229 2020 των
252 1956 412 2020 ἐπιστολῶν
434 1954 593 2040 γενόμενος
614 1963 667 2022 τοῦ
682 1956 829 2034 Ὄθωνος.
931 1956 971 2038 {q

136 2059 169 2126 2.
198 2067 320 2138 Quintil.
345 2069 412 2126 ιἰιιι.1
436 2067 509 2141 XI,
524 2065 589 2125 120
615 2065 690 2127 lulio
711 2066 857 2149 Secundo,
872 2071 898 2128 si
916 2067 1032 2146 longior
1046 2070 1186 2146 contigis-

172 2164 217 2214 set
230 2163 320 2234 actae,
335 2153 533 2214 clarissimum
543 2155 677 2234 prolecto
692 2173 801 2216 nomen
816 2158 942 2219 oratoris
957 2154 1034 2234 apud
1050 2165 1186 2235 posteros
1202 2175 1227 2215 ιι

171 2243 262 2304 locet:
276 2241 434 2304 adiecisset
452 2245 531 2303 enim
550 2252 639 2323 atque
658 2244 804 2305 adiciebat
819 2246 927 2306 ceteris
941 2242 1106 2304 uirtutibus
1124 2249 1187 2305 suis

172 2331 250 2409 quod
270 2330 435 2393 desiderari
452 2340 560 2413 potest,
583 2333 614 2393 id
634 2342 680 2394 est
699 2342 806 2408 autem,
830 2339 864 2392 ut
883 2340 962 2392 esset
980 2331 1073 2394 multo
1093 2336 1187 2413 magis

171 2437 290 2499 pugnax
309 2428 339 2480 et
357 2422 475 2500 saepius
495 2422 531 2482 ad
546 2441 649 2483 curam
663 2440 766 2482 rerum
780 2421 817 2481 ab
832 2420 998 2482 elocutione
1013 2424 1186 2500 respiceret.

87 2527 92 2532 ·
171 2516 305 2570 ceterum
328 2511 513 2589 interceptus
537 2529 656 2591 quoque
675 2527 814 2588 magnum
838 2508 896 2569 sibi
919 2510 1052 2571 uindicat
1075 2511 1188 2576 locum:
1300 2553 1304 2563 ·

171 2616 205 2658 ea
229 2606 275 2658 est
297 2598 443 2681 facundia,
468 2607 547 2660 tanta
565 2603 597 2660 in
617 2596 790 2679 explicando
810 2598 889 2677 quod
908 2598 982 2659 uelit
1006 2603 1109 2682 gratia,
1127 2608 1188 2662 tam
1201 2621 1227 2660 ao

171 2686 330 2748 candidum
350 2696 379 2748 et
397 2687 463 2748 lene
483 2698 513 2749 et
532 2689 698 2768 speciosum
718 2685 837 2748 dicendi
856 2705 959 2770 genus,
982 2695 1062 2750 tanta
1081 2689 1186 2752 uerbo-

171 2794 238 2837 rum
263 2777 350 2836 etiam
375 2795 450 2856 quae
473 2776 629 2855 adsumpta
657 2784 727 2837 sunt
750 2779 930 2858 proprietas,
957 2777 1041 2839 tanta
1068 2781 1100 2839 in
1123 2780 1187 2857 qui-

171 2863 297 2926 busdam
329 2885 365 2926 ex
397 2865 531 2944 periculo
563 2866 666 2943 petitis
703 2865 908 2944 signidcantia.
954 2867 984 2942 3,
1008 2867 1048 2927 12
1081 2866 1188 2928 lulium

173 2953 344 3016 Secundum
367 2953 458 3035 Illum,
483 2952 636 3033 aequalem
659 2972 759 3016 meum
783 2963 871 3035 atque
895 2975 912 3016 a
935 2974 996 3036 me,
1026 2964 1060 3017 ut
1083 2963 1186 3016 notum

172 3051 226 3125 est,
250 3042 433 3104 familiariter
456 3051 595 3124 amatum,
619 3045 711 3104 mirae
735 3044 889 3106 lacundIae
912 3046 1025 3126 uirum,
1054 3044 1185 3104 infinitae
1200 3064 1225 3105 τι
1306 3044 1310 3053 ’

171 3139 271 3192 tamen
294 3150 392 3194 curae.
434 3131 630 3208 X1110,11
653 3132 827 3212 elegantiam
853 3133 990 3195 Secundi.

136 3234 171 3303 3.
200 3238 292 3300 Tacit.
308 3239 415 3301 diam
451 3236 604 3302 Venerunt
623 3240 659 3301 ad
679 3259 748 3301 eum
770 3239 807 3301 ll.
821 3241 901 3320 Aper
920 3249 950 3300 et
967 3237 1060 3300 lulius
1076 3237 1187 3301 Secun-

172 3328 237 3409 duS,
261 3327 455 3390 celeberrima
478 3337 542 3390 tum
565 3331 683 3408 ingenia
706 3331 765 3391 lori
788 3331 892 3409 nostri,
911 3361 952 3372 -
969 3329 1106 3409 quantula
1127 3347 1187 3389 ma·

172 3416 251 3494 ilgne
284 3416 420 3498 plerique
449 3420 644 3496 opinarentur
667 3437 723 3480 nec
752 3417 889 3479 Secundo
922 3425 1094 3496 promptum
1122 3435 1187 3478 esse

173 3522 341 3566 sermonem
366 3514 395 3567 et
418 3508 531 3586 Aprum
559 3508 679 3586 Ingenio
707 3509 807 3587 potius
834 3517 866 3567 et
893 3509 926 3568 ui
952 3514 1076 3568 naturae
1100 3523 1226 3586 quamao

172 3594 360 3656 institutione
379 3603 410 3656 et
428 3595 537 3657 litteris
555 3598 662 3656 lamam
681 3596 868 3676 eloquentiae
888 3605 1091 3657 consecutum.
1120 3613 1187 3656 nam
