<?xml version="1.0" encoding="UTF-8"?>
<!DOCTYPE html PUBLIC "-//W3C//DTD XHTML 1.0 Transitional//EN"
    "http://www.w3.org/TR/xhtml1/DTD/xhtml1-transitional.dtd">
<html xmlns="http://www.w3.org/1999/xhtml" xml:lang="en" lang="en">
 <head>
  <title>
</title>
<meta http-equiv="Content-Type" content="text/html;charset=utf-8" />
  <meta name='ocr-system' content='tesseract 3.04.00' />
  <meta name='ocr-capabilities' content='ocr_page ocr_carea ocr_par ocr_line ocrx_word'/>
</head>
<body>
  <div class='ocr_page' id='page_1' title='image "./historicorumrom02petegoog_0127.png"; bbox 0 0 2670 4058; ppageno 0'>
   <div class='ocr_carea' id='block_1_1' title="bbox 182 231 887 296">
    <p class='ocr_par' dir='ltr' id='par_1_1' title="bbox 182 231 887 296">
     <span class='ocr_line' id='line_1_1' title="bbox 182 231 887 296; baseline -0.011 0"><span class='ocrx_word' id='word_1_1' title='bbox 182 231 227 296; x_wconf 84' lang='lat'><strong>98</strong></span> <span class='ocrx_word' id='word_1_2' title='bbox 496 233 528 289; x_wconf 79' lang='lat' dir='ltr'><strong>L.</strong></span> <span class='ocrx_word' id='word_1_3' title='bbox 547 231 667 290; x_wconf 74' lang='lat' dir='ltr'><strong>contu</strong></span> <span class='ocrx_word' id='word_1_4' title='bbox 684 232 887 289; x_wconf 83' lang='lat' dir='ltr'><strong>ANTIPATRI</strong></span> 
     </span>
    </p>
   </div>
   <div class='ocr_carea' id='block_1_2' title="bbox 390 491 1002 604">
    <p class='ocr_par' dir='ltr' id='par_1_2' title="bbox 390 491 1002 604">
     <span class='ocr_line' id='line_1_2' title="bbox 390 491 1002 604; baseline 0.01 -28"><span class='ocrx_word' id='word_1_5' title='bbox 390 493 436 577; x_wconf 79' lang='lat' dir='ltr'><strong>n.</strong></span> <span class='ocrx_word' id='word_1_6' title='bbox 462 491 679 581; x_wconf 82' lang='lat' dir='ltr'><strong>oonurvs</strong></span> <span class='ocrx_word' id='word_1_7' title='bbox 702 492 1002 604; x_wconf 74' lang='lat' dir='ltr'><strong>austroque</strong></span> 
     </span>
    </p>
   </div>
   <div class='ocr_carea' id='block_1_3' title="bbox 209 638 1179 805">
    <p class='ocr_par' dir='ltr' id='par_1_3' title="bbox 209 638 1179 805">
     <span class='ocr_line' id='line_1_3' title="bbox 209 638 1179 703; baseline 0.002 -7"><span class='ocrx_word' id='word_1_8' title='bbox 209 639 318 696; x_wconf 71' lang='lat' dir='ltr'><strong>suum</strong></span> <span class='ocrx_word' id='word_1_9' title='bbox 336 638 463 698; x_wconf 70' lang='lat' dir='ltr'><strong>Punici</strong></span> <span class='ocrx_word' id='word_1_10' title='bbox 479 641 661 700; x_wconf 72' lang='lat' dir='ltr'><strong>utrumve</strong></span> <span class='ocrx_word' id='word_1_11' title='bbox 679 641 875 700; x_wconf 75' lang='grc' dir='ltr'>ΗΙΒΤΟΒΙΔΕ</span> <span class='ocrx_word' id='word_1_12' title='bbox 895 643 945 698; x_wconf 85' lang='grc' dir='ltr'><strong>ΔΙ)</strong></span> <span class='ocrx_word' id='word_1_13' title='bbox 965 641 994 697; x_wconf 81' lang='lat' dir='ltr'><strong>C.</strong></span> <span class='ocrx_word' id='word_1_14' title='bbox 1012 642 1179 703; x_wconf 77' lang='lat' dir='ltr'><strong>LAELIVM</strong></span> 
     </span>
     <span class='ocr_line' id='line_1_4' title="bbox 582 747 811 805; baseline 0 -2"><span class='ocrx_word' id='word_1_15' title='bbox 582 747 811 805; x_wconf 71' lang='lat' dir='ltr'>TESTIMONIA</span> 
     </span>
    </p>
   </div>
   <div class='ocr_carea' id='block_1_4' title="bbox 150 855 1326 1122">
    <p class='ocr_par' dir='ltr' id='par_1_4' title="bbox 150 855 1326 1122">
     <span class='ocr_line' id='line_1_5' title="bbox 150 855 1204 946; baseline 0.003 -25"><span class='ocrx_word' id='word_1_16' title='bbox 150 855 184 922; x_wconf 94' lang='lat'><strong>1.</strong></span> <span class='ocrx_word' id='word_1_17' title='bbox 213 863 273 924; x_wconf 81' lang='lat' dir='ltr'><strong>Cic.</strong></span> <span class='ocrx_word' id='word_1_18' title='bbox 288 861 374 923; x_wconf 85' lang='lat' dir='ltr'><strong>Brut.</strong></span> <span class='ocrx_word' id='word_1_19' title='bbox 389 859 523 940; x_wconf 87' lang='grc'><strong><em>26,162</em></strong></span> <span class='ocrx_word' id='word_1_20' title='bbox 546 859 578 924; x_wconf 91' lang='lat' dir='ltr'><strong>L.</strong></span> <span class='ocrx_word' id='word_1_21' title='bbox 596 861 714 924; x_wconf 87' lang='lat' dir='ltr'><strong>Coelius</strong></span> <span class='ocrx_word' id='word_1_22' title='bbox 733 861 889 944; x_wconf 76' lang='lat' dir='ltr'><strong>Antipater</strong></span> <span class='ocrx_word' id='word_1_23' title='bbox 907 863 1044 946; x_wconf 83' lang='lat' dir='ltr'><strong>scriptor,</strong></span> <span class='ocrx_word' id='word_1_24' title='bbox 1064 863 1204 943; x_wconf 66' lang='lat' dir='ltr'><strong>quemad⁴</strong></span> 
     </span>
     <span class='ocr_line' id='line_1_6' title="bbox 185 949 1326 1035; baseline 0.001 -23"><span class='ocrx_word' id='word_1_25' title='bbox 185 950 305 1013; x_wconf 92' lang='lat' dir='ltr'><strong>modum</strong></span> <span class='ocrx_word' id='word_1_26' title='bbox 329 950 454 1034; x_wconf 87' lang='lat' dir='ltr'><strong>uidetis,</strong></span> <span class='ocrx_word' id='word_1_27' title='bbox 477 951 547 1033; x_wconf 87' lang='lat' dir='ltr'><strong>luit,</strong></span> <span class='ocrx_word' id='word_1_28' title='bbox 571 959 605 1013; x_wconf 90' lang='lat' dir='ltr'><strong>ut</strong></span> <span class='ocrx_word' id='word_1_29' title='bbox 627 949 814 1030; x_wconf 80' lang='lat' dir='ltr'><strong>temporibus</strong></span> <span class='ocrx_word' id='word_1_30' title='bbox 835 949 907 1034; x_wconf 87' lang='lat' dir='ltr'><strong>illis,</strong></span> <span class='ocrx_word' id='word_1_31' title='bbox 925 950 1109 1035; x_wconf 85' lang='lat' dir='ltr'><strong>luculentus,</strong></span> <span class='ocrx_word' id='word_1_32' title='bbox 1127 953 1204 1013; x_wconf 90' lang='lat' dir='ltr'><strong>iuris</strong></span> <span class='ocrx_word' id='word_1_33' title='bbox 1325 987 1326 994; x_wconf 67' lang='lat'><strong>.</strong></span> 
     </span>
     <span class='ocr_line' id='line_1_7' title="bbox 185 1037 1202 1122; baseline 0 -20"><span class='ocrx_word' id='word_1_34' title='bbox 185 1039 271 1102; x_wconf 91' lang='lat' dir='ltr'><strong>ualde</strong></span> <span class='ocrx_word' id='word_1_35' title='bbox 300 1043 432 1122; x_wconf 82' lang='lat' dir='ltr'><strong>peritus,</strong></span> <span class='ocrx_word' id='word_1_36' title='bbox 459 1040 622 1102; x_wconf 91' lang='lat' dir='ltr'><strong>multorum</strong></span> <span class='ocrx_word' id='word_1_37' title='bbox 650 1043 752 1121; x_wconf 88' lang='lat' dir='ltr'><strong>etiam,</strong></span> <span class='ocrx_word' id='word_1_38' title='bbox 780 1049 814 1102; x_wconf 91' lang='lat' dir='ltr'><strong>ut</strong></span> <span class='ocrx_word' id='word_1_39' title='bbox 841 1038 873 1100; x_wconf 93' lang='lat' dir='ltr'><strong>L.</strong></span> <span class='ocrx_word' id='word_1_40' title='bbox 903 1037 1003 1101; x_wconf 83' lang='lat' dir='ltr'><strong>Crassi</strong></span> <span class='ocrx_word' id='word_1_41' title='bbox 1031 1039 1106 1119; x_wconf 84' lang='lat' dir='ltr'><strong>[not.</strong></span> <span class='ocrx_word' id='word_1_42' title='bbox 1126 1039 1202 1102; x_wconf 84' lang='grc'><strong>146.</strong></span> 
     </span>
    </p>
   </div>
   <div class='ocr_carea' id='block_1_5' title="bbox 57 1123 1326 1299">
    <p class='ocr_par' dir='ltr' id='par_1_5' title="bbox 57 1123 1326 1299">
     <span class='ocr_line' id='line_1_8' title="bbox 57 1123 1326 1214; baseline -0.001 -25"><span class='ocrx_word' id='word_1_43' title='bbox 57 1157 62 1168; x_wconf 90' lang='grc'><em>·</em></span> <span class='ocrx_word' id='word_1_44' title='bbox 188 1130 260 1206; x_wconf 81' lang='grc'><strong><em>614,</em></strong></span> <span class='ocrx_word' id='word_1_45' title='bbox 284 1147 344 1192; x_wconf 87' lang='lat' dir='ltr'><strong>cos.</strong></span> <span class='ocrx_word' id='word_1_46' title='bbox 366 1129 416 1190; x_wconf 79' lang='lat'><strong>95.</strong></span> <span class='ocrx_word' id='word_1_47' title='bbox 441 1129 515 1191; x_wconf 83' lang='grc'><strong>659.</strong></span> <span class='ocrx_word' id='word_1_48' title='bbox 533 1129 684 1192; x_wconf 64' lang='grc'><strong>6101191.</strong></span> <span class='ocrx_word' id='word_1_49' title='bbox 701 1129 796 1211; x_wconf 87' lang='grc'><strong><em>663],</em></strong></span> <span class='ocrx_word' id='word_1_50' title='bbox 818 1131 968 1208; x_wconf 81' lang='lat' dir='ltr'><strong>magister.</strong></span> <span class='ocrx_word' id='word_1_51' title='bbox 997 1123 1052 1213; x_wconf 76' lang='lat' dir='ltr'><strong>(es.</strong></span> <span class='ocrx_word' id='word_1_52' title='bbox 1068 1129 1111 1207; x_wconf 79' lang='lat' dir='ltr'><strong>fr.</strong></span> <span class='ocrx_word' id='word_1_53' title='bbox 1131 1123 1202 1214; x_wconf 80' lang='lat'><strong>50.)</strong></span> <span class='ocrx_word' id='word_1_54' title='bbox 1324 1179 1326 1188; x_wconf 94' lang='lat'><strong>.</strong></span> 
     </span>
     <span class='ocr_line' id='line_1_9' title="bbox 149 1212 1230 1299; baseline -0.003 -22"><span class='ocrx_word' id='word_1_55' title='bbox 149 1212 185 1279; x_wconf 78' lang='lat'><strong>2.</strong></span> <span class='ocrx_word' id='word_1_56' title='bbox 209 1219 351 1296; x_wconf 85' lang='lat' dir='ltr'><strong>Pompon.</strong></span> <span class='ocrx_word' id='word_1_57' title='bbox 371 1221 409 1280; x_wconf 86' lang='lat' dir='ltr'><strong>de</strong></span> <span class='ocrx_word' id='word_1_58' title='bbox 427 1221 504 1295; x_wconf 73' lang='lat' dir='ltr'><strong>erip.</strong></span> <span class='ocrx_word' id='word_1_59' title='bbox 524 1221 583 1280; x_wconf 84' lang='lat' dir='ltr'><strong>ior.</strong></span> <span class='ocrx_word' id='word_1_60' title='bbox 603 1217 667 1292; x_wconf 83' lang='lat'><strong>12,</strong></span> <span class='ocrx_word' id='word_1_61' title='bbox 687 1219 734 1278; x_wconf 79' lang='grc'><strong>46</strong></span> <span class='ocrx_word' id='word_1_62' title='bbox 749 1237 779 1295; x_wconf 86' lang='lat' dir='ltr'><strong>p.</strong></span> <span class='ocrx_word' id='word_1_63' title='bbox 796 1219 874 1279; x_wconf 80' lang='grc'><strong>461.</strong></span> <span class='ocrx_word' id='word_1_64' title='bbox 898 1217 1016 1279; x_wconf 86' lang='lat' dir='ltr'><strong>Coelius</strong></span> <span class='ocrx_word' id='word_1_65' title='bbox 1036 1219 1230 1299; x_wconf 82' lang='lat' dir='ltr'><strong>Antipater‚o</strong></span> 
     </span>
    </p>
   </div>
   <div class='ocr_carea' id='block_1_6' title="bbox 149 1303 1326 3699">
    <p class='ocr_par' dir='ltr' id='par_1_6' title="bbox 150 1303 1326 2725">
     <span class='ocr_line' id='line_1_10' title="bbox 184 1303 1326 1388; baseline 0 -20"><span class='ocrx_word' id='word_1_66' title='bbox 184 1308 237 1388; x_wconf 93' lang='lat' dir='ltr'><strong>qui</strong></span> <span class='ocrx_word' id='word_1_67' title='bbox 249 1305 390 1368; x_wconf 82' lang='lat' dir='ltr'><strong>historias</strong></span> <span class='ocrx_word' id='word_1_68' title='bbox 404 1309 592 1388; x_wconf 81' lang='lat' dir='ltr'><strong>conseripsit,</strong></span> <span class='ocrx_word' id='word_1_69' title='bbox 608 1307 659 1368; x_wconf 89' lang='lat' dir='ltr'><strong>sed</strong></span> <span class='ocrx_word' id='word_1_70' title='bbox 674 1307 742 1387; x_wconf 88' lang='lat' dir='ltr'><strong>plus</strong></span> <span class='ocrx_word' id='word_1_71' title='bbox 757 1303 943 1388; x_wconf 81' lang='lat' dir='ltr'><strong>eloquentiae</strong></span> <span class='ocrx_word' id='word_1_72' title='bbox 958 1325 1048 1388; x_wconf 91' lang='lat' dir='ltr'><strong>quam</strong></span> <span class='ocrx_word' id='word_1_73' title='bbox 1058 1305 1202 1369; x_wconf 82' lang='lat' dir='ltr'><strong>scientiae</strong></span> <span class='ocrx_word' id='word_1_74' title='bbox 1325 1371 1326 1386; x_wconf 22' lang='lat' dir='ltr'><strong>q</strong></span> 
     </span>
     <span class='ocr_line' id='line_1_11' title="bbox 185 1387 1326 1475; baseline 0.003 -19"><span class='ocrx_word' id='word_1_75' title='bbox 185 1397 260 1457; x_wconf 91' lang='lat' dir='ltr'><strong>iuris</strong></span> <span class='ocrx_word' id='word_1_76' title='bbox 283 1414 404 1475; x_wconf 89' lang='lat' dir='ltr'><strong>operam</strong></span> <span class='ocrx_word' id='word_1_77' title='bbox 427 1396 517 1457; x_wconf 87' lang='lat' dir='ltr'><strong>dedit.</strong></span> <span class='ocrx_word' id='word_1_78' title='bbox 1325 1387 1326 1470; x_wconf 59' lang='grc' dir='ltr'>Ϊ</span> 
     </span>
     <span class='ocr_line' id='line_1_12' title="bbox 150 1478 1326 1572; baseline 0.001 -27"><span class='ocrx_word' id='word_1_79' title='bbox 150 1478 184 1546; x_wconf 87' lang='grc'><strong>3.</strong></span> <span class='ocrx_word' id='word_1_80' title='bbox 211 1486 308 1548; x_wconf 79' lang='lat' dir='ltr'><strong>Cicer.</strong></span> <span class='ocrx_word' id='word_1_81' title='bbox 324 1488 362 1547; x_wconf 86' lang='lat' dir='ltr'><strong>de</strong></span> <span class='ocrx_word' id='word_1_82' title='bbox 380 1488 457 1562; x_wconf 76' lang='lat' dir='ltr'><strong>leqp.</strong></span> <span class='ocrx_word' id='word_1_83' title='bbox 473 1486 493 1546; x_wconf 92' lang='grc' dir='ltr'><em>Ι</em></span> <span class='ocrx_word' id='word_1_84' title='bbox 504 1485 572 1561; x_wconf 91' lang='grc'><strong>2,6</strong></span> <span class='ocrx_word' id='word_1_85' title='bbox 595 1483 702 1546; x_wconf 86' lang='lat' dir='ltr'><strong>Fannii</strong></span> <span class='ocrx_word' id='word_1_86' title='bbox 724 1493 820 1546; x_wconf 90' lang='lat' dir='ltr'><strong>aetate</strong></span> <span class='ocrx_word' id='word_1_87' title='bbox 843 1486 1022 1546; x_wconf 76' lang='lat' dir='ltr'><strong>coniunctus</strong></span> <span class='ocrx_word' id='word_1_88' title='bbox 1045 1485 1202 1564; x_wconf 76' lang='lat' dir='ltr'><strong>Antipater</strong></span> <span class='ocrx_word' id='word_1_89' title='bbox 1324 1479 1326 1572; x_wconf 73' lang='grc'><strong><em>1</em></strong></span> 
     </span>
     <span class='ocr_line' id='line_1_13' title="bbox 184 1572 1202 1653; baseline 0.001 -19"><span class='ocrx_word' id='word_1_90' title='bbox 184 1573 273 1653; x_wconf 90' lang='lat' dir='ltr'><strong>paulo</strong></span> <span class='ocrx_word' id='word_1_91' title='bbox 307 1572 422 1634; x_wconf 87' lang='lat' dir='ltr'><strong>iuilauit</strong></span> <span class='ocrx_word' id='word_1_92' title='bbox 454 1573 662 1635; x_wconf 86' lang='lat' dir='ltr'><strong>uehementius</strong></span> <span class='ocrx_word' id='word_1_93' title='bbox 694 1573 857 1653; x_wconf 87' lang='lat' dir='ltr'><strong>habuitque</strong></span> <span class='ocrx_word' id='word_1_94' title='bbox 886 1576 968 1634; x_wconf 89' lang='lat' dir='ltr'><strong>uires</strong></span> <span class='ocrx_word' id='word_1_95' title='bbox 995 1575 1121 1652; x_wconf 79' lang='lat' dir='ltr'><strong>agrestis</strong></span> <span class='ocrx_word' id='word_1_96' title='bbox 1151 1574 1202 1636; x_wconf 90' lang='lat' dir='ltr'><strong>ille</strong></span> 
     </span>
     <span class='ocr_line' id='line_1_14' title="bbox 186 1659 1245 1743; baseline 0.001 -20"><span class='ocrx_word' id='word_1_97' title='bbox 186 1659 306 1742; x_wconf 87' lang='lat' dir='ltr'><strong>quidem</strong></span> <span class='ocrx_word' id='word_1_98' title='bbox 325 1669 414 1741; x_wconf 90' lang='lat' dir='ltr'><strong>atque</strong></span> <span class='ocrx_word' id='word_1_99' title='bbox 432 1661 582 1743; x_wconf 87' lang='lat' dir='ltr'><strong>horridas,</strong></span> <span class='ocrx_word' id='word_1_100' title='bbox 602 1664 666 1722; x_wconf 87' lang='lat' dir='ltr'><strong>sine</strong></span> <span class='ocrx_word' id='word_1_101' title='bbox 685 1665 783 1724; x_wconf 89' lang='lat' dir='ltr'><strong>nitore</strong></span> <span class='ocrx_word' id='word_1_102' title='bbox 801 1681 836 1724; x_wconf 91' lang='lat' dir='ltr'><strong>ao</strong></span> <span class='ocrx_word' id='word_1_103' title='bbox 855 1661 1013 1742; x_wconf 88' lang='lat' dir='ltr'><strong>palaestra,</strong></span> <span class='ocrx_word' id='word_1_104' title='bbox 1033 1661 1086 1724; x_wconf 89' lang='lat' dir='ltr'><strong>sed</strong></span> <span class='ocrx_word' id='word_1_105' title='bbox 1098 1669 1201 1724; x_wconf 88' lang='lat' dir='ltr'><strong>tamen</strong></span> <span class='ocrx_word' id='word_1_106' title='bbox 1216 1680 1245 1719; x_wconf 90' lang='lat'><strong>10</strong></span> 
     </span>
     <span class='ocr_line' id='line_1_15' title="bbox 185 1750 1203 1832; baseline 0.004 -20"><span class='ocrx_word' id='word_1_107' title='bbox 185 1751 347 1812; x_wconf 90' lang='lat' dir='ltr'><strong>admonere</strong></span> <span class='ocrx_word' id='word_1_108' title='bbox 372 1750 505 1832; x_wconf 89' lang='lat' dir='ltr'><strong>reliquos</strong></span> <span class='ocrx_word' id='word_1_109' title='bbox 528 1752 648 1832; x_wconf 87' lang='lat' dir='ltr'><strong>potuit,</strong></span> <span class='ocrx_word' id='word_1_110' title='bbox 679 1760 714 1813; x_wconf 88' lang='lat' dir='ltr'><strong>ut</strong></span> <span class='ocrx_word' id='word_1_111' title='bbox 745 1753 917 1814; x_wconf 83' lang='lat' dir='ltr'><strong>adcuratius</strong></span> <span class='ocrx_word' id='word_1_112' title='bbox 945 1751 1122 1813; x_wconf 81' lang='lat' dir='ltr'><strong>seriberent.</strong></span> <span class='ocrx_word' id='word_1_113' title='bbox 1163 1755 1203 1816; x_wconf 82' lang='lat' dir='ltr'><strong>de</strong></span> 
     </span>
     <span class='ocr_line' id='line_1_16' title="bbox 185 1836 1202 1920; baseline 0 -18"><span class='ocrx_word' id='word_1_114' title='bbox 185 1846 263 1902; x_wconf 87' lang='lat' dir='ltr'><strong>oret.</strong></span> <span class='ocrx_word' id='word_1_115' title='bbox 279 1840 318 1900; x_wconf 91' lang='grc' dir='ltr'><strong>ΙΙ</strong></span> <span class='ocrx_word' id='word_1_116' title='bbox 327 1839 376 1917; x_wconf 90' lang='grc'><strong>12,</strong></span> <span class='ocrx_word' id='word_1_117' title='bbox 390 1841 435 1900; x_wconf 82' lang='grc'><strong>54</strong></span> <span class='ocrx_word' id='word_1_118' title='bbox 455 1839 605 1919; x_wconf 79' lang='lat' dir='ltr'><strong>[loquitor</strong></span> <span class='ocrx_word' id='word_1_119' title='bbox 618 1841 660 1901; x_wconf 89' lang='lat' dir='ltr'><strong>M.</strong></span> <span class='ocrx_word' id='word_1_120' title='bbox 673 1841 822 1904; x_wconf 76' lang='lat' dir='ltr'><strong>Antonius</strong></span> <span class='ocrx_word' id='word_1_121' title='bbox 837 1859 865 1903; x_wconf 84' lang='lat' dir='ltr'><strong>a.</strong></span> <span class='ocrx_word' id='word_1_122' title='bbox 876 1840 924 1901; x_wconf 86' lang='lat'><strong>91.</strong></span> <span class='ocrx_word' id='word_1_123' title='bbox 937 1839 1017 1920; x_wconf 80' lang='grc'><strong><em>663]</em></strong></span> <span class='ocrx_word' id='word_1_124' title='bbox 1033 1836 1202 1903; x_wconf 89' lang='lat' dir='ltr'><strong>Paullulum</strong></span> 
     </span>
     <span class='ocr_line' id='line_1_17' title="bbox 185 1927 1202 2008; baseline 0.001 -18"><span class='ocrx_word' id='word_1_125' title='bbox 185 1947 218 1990; x_wconf 89' lang='lat' dir='ltr'><strong>se</strong></span> <span class='ocrx_word' id='word_1_126' title='bbox 247 1931 342 1990; x_wconf 81' lang='lat' dir='ltr'><strong>erexit</strong></span> <span class='ocrx_word' id='word_1_127' title='bbox 371 1929 455 2008; x_wconf 85' lang='lat' dir='ltr'><strong>[post</strong></span> <span class='ocrx_word' id='word_1_128' title='bbox 485 1931 639 2006; x_wconf 79' lang='lat' dir='ltr'><strong>Catonem,</strong></span> <span class='ocrx_word' id='word_1_129' title='bbox 664 1930 829 2007; x_wconf 72' lang='lat' dir='ltr'><strong>Pictorm,</strong></span> <span class='ocrx_word' id='word_1_130' title='bbox 853 1927 1007 2008; x_wconf 84' lang='lat' dir='ltr'><strong>Pisonem]</strong></span> <span class='ocrx_word' id='word_1_131' title='bbox 1034 1938 1064 1990; x_wconf 90' lang='lat' dir='ltr'><strong>ot</strong></span> <span class='ocrx_word' id='word_1_132' title='bbox 1087 1929 1202 1991; x_wconf 84' lang='lat' dir='ltr'><strong>eddidit</strong></span> 
     </span>
     <span class='ocr_line' id='line_1_18' title="bbox 186 2017 1325 2104; baseline 0.002 -26"><span class='ocrx_word' id='word_1_133' title='bbox 186 2018 328 2080; x_wconf 88' lang='lat' dir='ltr'><strong>historiae</strong></span> <span class='ocrx_word' id='word_1_134' title='bbox 350 2020 493 2080; x_wconf 86' lang='lat' dir='ltr'><strong>maiorem</strong></span> <span class='ocrx_word' id='word_1_135' title='bbox 516 2031 623 2080; x_wconf 88' lang='lat' dir='ltr'><strong>sonum</strong></span> <span class='ocrx_word' id='word_1_136' title='bbox 646 2022 730 2080; x_wconf 83' lang='lat' dir='ltr'><strong>uocis</strong></span> <span class='ocrx_word' id='word_1_137' title='bbox 756 2019 804 2080; x_wconf 91' lang='lat' dir='ltr'><strong>uir</strong></span> <span class='ocrx_word' id='word_1_138' title='bbox 827 2020 971 2100; x_wconf 82' lang='lat' dir='ltr'><strong>optimus,</strong></span> <span class='ocrx_word' id='word_1_139' title='bbox 995 2017 1100 2080; x_wconf 85' lang='lat' dir='ltr'><strong>Crassi</strong></span> <span class='ocrx_word' id='word_1_140' title='bbox 1117 2018 1200 2080; x_wconf 89' lang='lat' dir='ltr'><strong>iami-</strong></span> <span class='ocrx_word' id='word_1_141' title='bbox 1324 2029 1325 2104; x_wconf 43' lang='grc' dir='ltr'>ζ</span> 
     </span>
     <span class='ocr_line' id='line_1_19' title="bbox 184 2106 1325 2194; baseline -0.004 -27"><span class='ocrx_word' id='word_1_142' title='bbox 184 2106 281 2190; x_wconf 88' lang='lat' dir='ltr'><strong>liaris,</strong></span> <span class='ocrx_word' id='word_1_143' title='bbox 295 2108 459 2187; x_wconf 76' lang='lat' dir='ltr'><strong>Antipater.</strong></span> <span class='ocrx_word' id='word_1_144' title='bbox 493 2110 587 2169; x_wconf 84' lang='lat' dir='ltr'><strong>ceteri</strong></span> <span class='ocrx_word' id='word_1_145' title='bbox 605 2126 665 2168; x_wconf 90' lang='lat' dir='ltr'><strong>non</strong></span> <span class='ocrx_word' id='word_1_146' title='bbox 684 2116 877 2170; x_wconf 83' lang='lat' dir='ltr'><strong>exornatores</strong></span> <span class='ocrx_word' id='word_1_147' title='bbox 895 2121 998 2168; x_wconf 87' lang='lat' dir='ltr'><strong>rerum</strong></span> <span class='ocrx_word' id='word_1_148' title='bbox 1017 2108 1069 2169; x_wconf 91' lang='lat' dir='ltr'><strong>sed</strong></span> <span class='ocrx_word' id='word_1_149' title='bbox 1084 2113 1201 2170; x_wconf 77' lang='lat' dir='ltr'><strong>tannim</strong></span> <span class='ocrx_word' id='word_1_150' title='bbox 1215 2124 1243 2164; x_wconf 84' lang='lat'><strong>15</strong></span> <span class='ocrx_word' id='word_1_151' title='bbox 1324 2137 1325 2194; x_wconf 57' lang='lat' dir='ltr'><strong>q</strong></span> 
     </span>
     <span class='ocr_line' id='line_1_20' title="bbox 186 2189 1325 2278; baseline 0.002 -22"><span class='ocrx_word' id='word_1_152' title='bbox 186 2196 274 2257; x_wconf 91' lang='lat' dir='ltr'><strong>modo</strong></span> <span class='ocrx_word' id='word_1_153' title='bbox 302 2203 473 2258; x_wconf 86' lang='lat' dir='ltr'><strong>narratores</strong></span> <span class='ocrx_word' id='word_1_154' title='bbox 501 2197 631 2258; x_wconf 88' lang='lat' dir='ltr'><strong>luerunt.</strong></span> <span class='ocrx_word' id='word_1_155' title='bbox 676 2197 743 2277; x_wconf 88' lang='lat' dir='ltr'><strong>Est,</strong></span> <span class='ocrx_word' id='word_1_156' title='bbox 771 2199 868 2277; x_wconf 90' lang='lat' dir='ltr'><strong>inquit</strong></span> <span class='ocrx_word' id='word_1_157' title='bbox 895 2196 1031 2278; x_wconf 84' lang='lat' dir='ltr'><strong>Catulus,</strong></span> <span class='ocrx_word' id='word_1_158' title='bbox 1059 2189 1102 2258; x_wconf 85' lang='lat' dir='ltr'><strong>ut¹</strong></span> <span class='ocrx_word' id='word_1_159' title='bbox 1116 2198 1201 2278; x_wconf 83' lang='lat' dir='ltr'><strong>dieis,</strong></span> <span class='ocrx_word' id='word_1_160' title='bbox 1324 2201 1325 2274; x_wconf 76' lang='lat' dir='ltr'><strong>l</strong></span> 
     </span>
     <span class='ocr_line' id='line_1_21' title="bbox 186 2283 1325 2368; baseline 0.003 -23"><span class='ocrx_word' id='word_1_161' title='bbox 186 2284 239 2346; x_wconf 91' lang='lat' dir='ltr'><strong>sed</strong></span> <span class='ocrx_word' id='word_1_162' title='bbox 267 2286 324 2346; x_wconf 88' lang='lat' dir='ltr'><strong>iste</strong></span> <span class='ocrx_word' id='word_1_163' title='bbox 352 2286 417 2365; x_wconf 90' lang='lat' dir='ltr'><strong>ipse</strong></span> <span class='ocrx_word' id='word_1_164' title='bbox 445 2284 563 2346; x_wconf 84' lang='lat' dir='ltr'><strong>Coelius</strong></span> <span class='ocrx_word' id='word_1_165' title='bbox 591 2300 689 2368; x_wconf 90' lang='lat' dir='ltr'><strong>neque</strong></span> <span class='ocrx_word' id='word_1_166' title='bbox 716 2286 852 2347; x_wconf 71' lang='lat' dir='ltr'><strong>distinxit</strong></span> <span class='ocrx_word' id='word_1_167' title='bbox 877 2283 1031 2347; x_wconf 82' lang='lat' dir='ltr'><strong>historiam</strong></span> <span class='ocrx_word' id='word_1_168' title='bbox 1054 2289 1201 2348; x_wconf 83' lang='lat' dir='ltr'><strong>uarietate</strong></span> <span class='ocrx_word' id='word_1_169' title='bbox 1322 2297 1325 2358; x_wconf 75' lang='lat' dir='ltr'><strong>t</strong></span> 
     </span>
     <span class='ocr_line' id='line_1_22' title="bbox 185 2373 1201 2453; baseline 0.002 -19"><span class='ocrx_word' id='word_1_170' title='bbox 185 2373 320 2434; x_wconf 84' lang='lat' dir='ltr'><strong>locorum</strong></span> <span class='ocrx_word' id='word_1_171' title='bbox 346 2391 445 2453; x_wconf 91' lang='lat' dir='ltr'><strong>neque</strong></span> <span class='ocrx_word' id='word_1_172' title='bbox 472 2374 635 2435; x_wconf 90' lang='lat' dir='ltr'><strong>uerborum</strong></span> <span class='ocrx_word' id='word_1_173' title='bbox 666 2373 858 2436; x_wconf 85' lang='lat' dir='ltr'><strong>collocatione</strong></span> <span class='ocrx_word' id='word_1_174' title='bbox 882 2383 912 2436; x_wconf 89' lang='lat' dir='ltr'><strong>et</strong></span> <span class='ocrx_word' id='word_1_175' title='bbox 935 2383 1033 2436; x_wconf 81' lang='lat' dir='ltr'><strong>tractu</strong></span> <span class='ocrx_word' id='word_1_176' title='bbox 1057 2377 1201 2436; x_wconf 87' lang='lat' dir='ltr'><strong>orationis</strong></span> 
     </span>
     <span class='ocr_line' id='line_1_23' title="bbox 185 2461 1201 2546; baseline 0.004 -24"><span class='ocrx_word' id='word_1_177' title='bbox 185 2461 246 2524; x_wconf 91' lang='lat' dir='ltr'><strong>leni</strong></span> <span class='ocrx_word' id='word_1_178' title='bbox 269 2469 300 2523; x_wconf 88' lang='lat' dir='ltr'><strong>et</strong></span> <span class='ocrx_word' id='word_1_179' title='bbox 322 2461 469 2543; x_wconf 87' lang='lat' dir='ltr'><strong>aequabili</strong></span> <span class='ocrx_word' id='word_1_180' title='bbox 487 2463 648 2542; x_wconf 88' lang='lat' dir='ltr'><strong>perpoliuit</strong></span> <span class='ocrx_word' id='word_1_181' title='bbox 666 2462 739 2525; x_wconf 88' lang='lat' dir='ltr'><strong>iliud</strong></span> <span class='ocrx_word' id='word_1_182' title='bbox 759 2473 848 2546; x_wconf 82' lang='lat' dir='ltr'><strong>opus3</strong></span> <span class='ocrx_word' id='word_1_183' title='bbox 871 2463 922 2524; x_wconf 85' lang='lat' dir='ltr'><strong>sed</strong></span> <span class='ocrx_word' id='word_1_184' title='bbox 943 2473 977 2524; x_wconf 86' lang='lat' dir='ltr'><strong>nt</strong></span> <span class='ocrx_word' id='word_1_185' title='bbox 995 2464 1082 2524; x_wconf 88' lang='lat' dir='ltr'><strong>horno</strong></span> <span class='ocrx_word' id='word_1_186' title='bbox 1101 2477 1201 2544; x_wconf 84' lang='lat' dir='ltr'><strong>neque</strong></span> 
     </span>
     <span class='ocr_line' id='line_1_24' title="bbox 186 2551 1324 2638; baseline -0.004 -26"><span class='ocrx_word' id='word_1_187' title='bbox 186 2551 293 2613; x_wconf 85' lang='lat' dir='ltr'><strong>doetus</strong></span> <span class='ocrx_word' id='word_1_188' title='bbox 320 2569 419 2631; x_wconf 89' lang='lat' dir='ltr'><strong>neque</strong></span> <span class='ocrx_word' id='word_1_189' title='bbox 447 2554 573 2612; x_wconf 86' lang='lat' dir='ltr'><strong>maxime</strong></span> <span class='ocrx_word' id='word_1_190' title='bbox 605 2560 692 2631; x_wconf 91' lang='lat' dir='ltr'><strong>aptus</strong></span> <span class='ocrx_word' id='word_1_191' title='bbox 723 2553 758 2614; x_wconf 88' lang='lat' dir='ltr'><strong>ad</strong></span> <span class='ocrx_word' id='word_1_192' title='bbox 787 2553 961 2633; x_wconf 82' lang='lat' dir='ltr'><strong>dicendum,</strong></span> <span class='ocrx_word' id='word_1_193' title='bbox 988 2555 1067 2614; x_wconf 89' lang='lat' dir='ltr'><strong>siout</strong></span> <span class='ocrx_word' id='word_1_194' title='bbox 1091 2555 1201 2636; x_wconf 86' lang='lat' dir='ltr'><strong>potuit,</strong></span> <span class='ocrx_word' id='word_1_195' title='bbox 1214 2569 1243 2608; x_wconf 83' lang='lat' dir='ltr'><strong>ao</strong></span> <span class='ocrx_word' id='word_1_196' title='bbox 1323 2601 1324 2638; x_wconf 44' lang='lat'>3</span> 
     </span>
     <span class='ocr_line' id='line_1_25' title="bbox 186 2634 1199 2725; baseline 0.002 -25"><span class='ocrx_word' id='word_1_197' title='bbox 186 2640 311 2721; x_wconf 80' lang='lat' dir='ltr'><strong>dolauit3</strong></span> <span class='ocrx_word' id='word_1_198' title='bbox 331 2642 405 2701; x_wconf 84' lang='lat' dir='ltr'><strong>uiuit</strong></span> <span class='ocrx_word' id='word_1_199' title='bbox 419 2647 527 2721; x_wconf 86' lang='lat' dir='ltr'><strong>tamen,</strong></span> <span class='ocrx_word' id='word_1_200' title='bbox 541 2650 575 2701; x_wconf 94' lang='lat' dir='ltr'><strong>ut</strong></span> <span class='ocrx_word' id='word_1_201' title='bbox 590 2641 674 2721; x_wconf 85' lang='lat' dir='ltr'><strong>dicis,</strong></span> <span class='ocrx_word' id='word_1_202' title='bbox 689 2642 868 2721; x_wconf 90' lang='lat' dir='ltr'><strong>superiores.</strong></span> <span class='ocrx_word' id='word_1_203' title='bbox 898 2634 974 2725; x_wconf 85' lang='lat' dir='ltr'><strong>(nid.</strong></span> <span class='ocrx_word' id='word_1_204' title='bbox 990 2648 1054 2703; x_wconf 85' lang='lat' dir='ltr'><strong>test.</strong></span> <span class='ocrx_word' id='word_1_205' title='bbox 1063 2643 1091 2702; x_wconf 88' lang='lat'><strong>1.</strong></span> <span class='ocrx_word' id='word_1_206' title='bbox 1102 2641 1145 2719; x_wconf 80' lang='lat' dir='ltr'><strong>fr.</strong></span> <span class='ocrx_word' id='word_1_207' title='bbox 1156 2637 1199 2724; x_wconf 86' lang='lat'><strong>1.)</strong></span> 
     </span>
    </p>

    <p class='ocr_par' dir='ltr' id='par_1_7' title="bbox 150 2651 1324 3164">
     <span class='ocr_line' id='line_1_26' title="bbox 150 2651 1324 2809; baseline 0.001 -22"><span class='ocrx_word' id='word_1_208' title='bbox 150 2721 185 2790; x_wconf 83' lang='lat'><strong>4.</strong></span> <span class='ocrx_word' id='word_1_209' title='bbox 209 2731 312 2791; x_wconf 84' lang='lat' dir='ltr'><strong>Front.</strong></span> <span class='ocrx_word' id='word_1_210' title='bbox 331 2732 375 2790; x_wconf 87' lang='lat' dir='ltr'><strong>nd</strong></span> <span class='ocrx_word' id='word_1_211' title='bbox 393 2730 460 2791; x_wconf 87' lang='lat' dir='ltr'><strong>Ver.</strong></span> <span class='ocrx_word' id='word_1_212' title='bbox 475 2730 524 2789; x_wconf 87' lang='grc' dir='ltr'><strong>ΙΙ</strong></span> <span class='ocrx_word' id='word_1_213' title='bbox 534 2748 565 2807; x_wconf 86' lang='lat' dir='ltr'><strong>p.</strong></span> <span class='ocrx_word' id='word_1_214' title='bbox 580 2730 642 2790; x_wconf 79' lang='grc'><strong>114</strong></span> <span class='ocrx_word' id='word_1_215' title='bbox 659 2732 694 2792; x_wconf 87' lang='grc' dir='ltr'><strong>Ν.</strong></span> <span class='ocrx_word' id='word_1_216' title='bbox 721 2729 883 2791; x_wconf 87' lang='lat' dir='ltr'><strong>Historiam</strong></span> <span class='ocrx_word' id='word_1_217' title='bbox 906 2747 1025 2809; x_wconf 91' lang='lat' dir='ltr'><strong>quoque</strong></span> <span class='ocrx_word' id='word_1_218' title='bbox 1049 2730 1199 2792; x_wconf 84' lang='lat' dir='ltr'><strong>scribsere</strong></span> <span class='ocrx_word' id='word_1_219' title='bbox 1320 2651 1324 2788; x_wconf 85' lang='lat' dir='ltr'><strong>l</strong></span> 
     </span>
     <span class='ocr_line' id='line_1_27' title="bbox 186 2817 1200 2899; baseline 0 -19"><span class='ocrx_word' id='word_1_220' title='bbox 186 2851 230 2861; x_wconf 90' lang='lat'><em>-</em></span> <span class='ocrx_word' id='word_1_221' title='bbox 240 2817 396 2880; x_wconf 88' lang='lat' dir='ltr'><strong>uerbis—</strong></span> <span class='ocrx_word' id='word_1_222' title='bbox 406 2817 524 2880; x_wconf 80' lang='lat' dir='ltr'><strong>Coelius</strong></span> <span class='ocrx_word' id='word_1_223' title='bbox 534 2817 668 2898; x_wconf 79' lang='lat' dir='ltr'><strong>singulis.</strong></span> <span class='ocrx_word' id='word_1_224' title='bbox 683 2822 728 2881; x_wconf 84' lang='lat' dir='ltr'><strong>ad</strong></span> <span class='ocrx_word' id='word_1_225' title='bbox 735 2820 778 2880; x_wconf 90' lang='lat' dir='ltr'><strong>M.</strong></span> <span class='ocrx_word' id='word_1_226' title='bbox 792 2820 875 2881; x_wconf 79' lang='lat' dir='ltr'><strong>Caes.</strong></span> <span class='ocrx_word' id='word_1_227' title='bbox 887 2819 907 2879; x_wconf 93' lang='lat' dir='ltr'><em>I</em></span> <span class='ocrx_word' id='word_1_228' title='bbox 911 2818 965 2879; x_wconf 82' lang='lat' dir='ltr'><strong>Vs</strong></span> <span class='ocrx_word' id='word_1_229' title='bbox 970 2837 1001 2896; x_wconf 86' lang='lat' dir='ltr'><strong>p.</strong></span> <span class='ocrx_word' id='word_1_230' title='bbox 1014 2819 1056 2880; x_wconf 89' lang='grc'><strong>62</strong></span> <span class='ocrx_word' id='word_1_231' title='bbox 1070 2838 1200 2899; x_wconf 90' lang='lat' dir='ltr'><strong>eumque</strong></span> 
     </span>
     <span class='ocr_line' id='line_1_28' title="bbox 188 2899 1199 2990; baseline 0.001 -22"><span class='ocrx_word' id='word_1_232' title='bbox 188 2899 332 2990; x_wconf 82' lang='lat' dir='ltr'><strong>[Ennium</strong></span> <span class='ocrx_word' id='word_1_233' title='bbox 346 2910 378 2968; x_wconf 92' lang='lat' dir='ltr'><strong>in</strong></span> <span class='ocrx_word' id='word_1_234' title='bbox 392 2909 496 2968; x_wconf 83' lang='lat' dir='ltr'><strong>uerbis</strong></span> <span class='ocrx_word' id='word_1_235' title='bbox 510 2910 725 2969; x_wconf 81' lang='lat' dir='ltr'><strong>industriosius</strong></span> <span class='ocrx_word' id='word_1_236' title='bbox 738 2906 936 2986; x_wconf 80' lang='lat' dir='ltr'><strong>quaerendis]</strong></span> <span class='ocrx_word' id='word_1_237' title='bbox 952 2907 1085 2969; x_wconf 89' lang='lat' dir='ltr'><strong>studiose</strong></span> <span class='ocrx_word' id='word_1_238' title='bbox 1099 2927 1199 2970; x_wconf 91' lang='lat' dir='ltr'><strong>aemu-</strong></span> 
     </span>
     <span class='ocr_line' id='line_1_29' title="bbox 186 2995 1242 3074; baseline -0.004 -18"><span class='ocrx_word' id='word_1_239' title='bbox 186 2995 263 3057; x_wconf 90' lang='lat' dir='ltr'><strong>latus</strong></span> <span class='ocrx_word' id='word_1_240' title='bbox 277 2995 309 3058; x_wconf 91' lang='lat' dir='ltr'><strong>L.</strong></span> <span class='ocrx_word' id='word_1_241' title='bbox 325 2995 452 3057; x_wconf 88' lang='lat' dir='ltr'><strong>Coelius.</strong></span> <span class='ocrx_word' id='word_1_242' title='bbox 466 2997 568 3074; x_wconf 84' lang='lat' dir='ltr'><strong>Spart.</strong></span> <span class='ocrx_word' id='word_1_243' title='bbox 583 2997 681 3058; x_wconf 84' lang='lat' dir='ltr'><strong>Hadr.</strong></span> <span class='ocrx_word' id='word_1_244' title='bbox 695 2997 747 3071; x_wconf 87' lang='grc'><strong>16,</strong></span> <span class='ocrx_word' id='word_1_245' title='bbox 764 2998 785 3058; x_wconf 95' lang='grc'><strong><em>6</em></strong></span> <span class='ocrx_word' id='word_1_246' title='bbox 802 2996 1022 3057; x_wconf 88' lang='lat' dir='ltr'><strong>Hadrianus-</strong></span> <span class='ocrx_word' id='word_1_247' title='bbox 1034 2999 1199 3058; x_wconf 90' lang='lat' dir='ltr'><strong>amauit-</strong></span> <span class='ocrx_word' id='word_1_248' title='bbox 1214 3012 1242 3053; x_wconf 79' lang='lat' dir='ltr'><strong>ss</strong></span> 
     </span>
     <span class='ocr_line' id='line_1_30' title="bbox 185 3084 1153 3164; baseline 0.001 -19"><span class='ocrx_word' id='word_1_249' title='bbox 185 3101 280 3162; x_wconf 80' lang='lat' dir='ltr'><strong>genus</strong></span> <span class='ocrx_word' id='word_1_250' title='bbox 303 3092 457 3146; x_wconf 86' lang='lat' dir='ltr'><strong>uetustum</strong></span> <span class='ocrx_word' id='word_1_251' title='bbox 480 3085 598 3147; x_wconf 82' lang='lat' dir='ltr'><strong>dicendi</strong></span> <span class='ocrx_word' id='word_1_252' title='bbox 624 3118 669 3128; x_wconf 92' lang='lat'><em>-</em></span> <span class='ocrx_word' id='word_1_253' title='bbox 696 3085 824 3147; x_wconf 82' lang='lat' dir='ltr'><strong>salustio</strong></span> <span class='ocrx_word' id='word_1_254' title='bbox 847 3084 980 3146; x_wconf 88' lang='lat' dir='ltr'><strong>Coelium</strong></span> <span class='ocrx_word' id='word_1_255' title='bbox 1003 3087 1153 3164; x_wconf 89' lang='lat' dir='ltr'><strong>praetulit.</strong></span> 
     </span>
    </p>

    <p class='ocr_par' dir='ltr' id='par_1_8' title="bbox 149 3166 1243 3699">
     <span class='ocr_line' id='line_1_31' title="bbox 149 3166 1199 3255; baseline 0.003 -23"><span class='ocrx_word' id='word_1_256' title='bbox 149 3166 184 3232; x_wconf 82' lang='lat' dir='ltr'><strong>b.</strong></span> <span class='ocrx_word' id='word_1_257' title='bbox 215 3174 313 3234; x_wconf 84' lang='lat' dir='ltr'><strong>Veler.</strong></span> <span class='ocrx_word' id='word_1_258' title='bbox 328 3173 415 3234; x_wconf 74' lang='lat' dir='ltr'><strong>Mea.</strong></span> <span class='ocrx_word' id='word_1_259' title='bbox 427 3174 451 3250; x_wconf 86' lang='lat' dir='ltr'><strong>I,</strong></span> <span class='ocrx_word' id='word_1_260' title='bbox 465 3174 495 3248; x_wconf 86' lang='lat'><strong>7,</strong></span> <span class='ocrx_word' id='word_1_261' title='bbox 507 3174 528 3233; x_wconf 98' lang='grc'><strong><em>6</em></strong></span> <span class='ocrx_word' id='word_1_262' title='bbox 543 3173 662 3235; x_wconf 88' lang='lat' dir='ltr'><strong>Coelius</strong></span> <span class='ocrx_word' id='word_1_263' title='bbox 671 3176 769 3255; x_wconf 87' lang='lat' dir='ltr'><strong>etiam,</strong></span> <span class='ocrx_word' id='word_1_264' title='bbox 783 3182 885 3236; x_wconf 85' lang='lat' dir='ltr'><strong>certus</strong></span> <span class='ocrx_word' id='word_1_265' title='bbox 896 3173 1045 3235; x_wconf 87' lang='lat' dir='ltr'><strong>Romanae</strong></span> <span class='ocrx_word' id='word_1_266' title='bbox 1055 3174 1199 3236; x_wconf 88' lang='lat' dir='ltr'><strong>historiae</strong></span> 
     </span>
     <span class='ocr_line' id='line_1_32' title="bbox 186 3261 1199 3343; baseline 0.002 -22"><span class='ocrx_word' id='word_1_267' title='bbox 186 3269 299 3322; x_wconf 84' lang='lat' dir='ltr'><strong>auctor.</strong></span> <span class='ocrx_word' id='word_1_268' title='bbox 322 3264 385 3322; x_wconf 85' lang='lat' dir='ltr'><strong>nid.</strong></span> <span class='ocrx_word' id='word_1_269' title='bbox 396 3261 439 3339; x_wconf 80' lang='lat' dir='ltr'><strong>fr.</strong></span> <span class='ocrx_word' id='word_1_270' title='bbox 451 3262 481 3322; x_wconf 91' lang='grc'><strong>2.</strong></span> <span class='ocrx_word' id='word_1_271' title='bbox 490 3262 542 3323; x_wconf 87' lang='grc'><strong>25.</strong></span> <span class='ocrx_word' id='word_1_272' title='bbox 552 3261 604 3323; x_wconf 88' lang='grc'><strong>29.</strong></span> <span class='ocrx_word' id='word_1_273' title='bbox 614 3263 652 3323; x_wconf 92' lang='grc'><strong>11</strong></span> <span class='ocrx_word' id='word_1_274' title='bbox 675 3263 732 3325; x_wconf 88' lang='lat' dir='ltr'><strong>hoe</strong></span> <span class='ocrx_word' id='word_1_275' title='bbox 741 3261 969 3343; x_wconf 87' lang='lat' dir='ltr'><strong>iteminSileni,</strong></span> <span class='ocrx_word' id='word_1_276' title='bbox 980 3281 1068 3343; x_wconf 89' lang='lat' dir='ltr'><strong>quem</strong></span> <span class='ocrx_word' id='word_1_277' title='bbox 1079 3263 1199 3326; x_wconf 83' lang='lat' dir='ltr'><strong>Coelius</strong></span> 
     </span>
     <span class='ocr_line' id='line_1_33' title="bbox 186 3348 1200 3434; baseline 0.002 -24"><span class='ocrx_word' id='word_1_278' title='bbox 186 3351 336 3431; x_wconf 90' lang='lat' dir='ltr'><strong>sequitur,</strong></span> <span class='ocrx_word' id='word_1_279' title='bbox 364 3348 475 3411; x_wconf 83' lang='lat' dir='ltr'><strong>Graeca</strong></span> <span class='ocrx_word' id='word_1_280' title='bbox 503 3351 626 3412; x_wconf 88' lang='lat' dir='ltr'><strong>historia</strong></span> <span class='ocrx_word' id='word_1_281' title='bbox 655 3360 709 3414; x_wconf 91' lang='lat' dir='ltr'><strong>est.</strong></span> <span class='ocrx_word' id='word_1_282' title='bbox 743 3349 797 3434; x_wconf 82' lang='lat' dir='ltr'><strong>(cs.</strong></span> <span class='ocrx_word' id='word_1_283' title='bbox 825 3353 913 3414; x_wconf 80' lang='lat' dir='ltr'><strong>Corn.</strong></span> <span class='ocrx_word' id='word_1_284' title='bbox 937 3354 1009 3428; x_wconf 86' lang='lat' dir='ltr'><strong>Nep.</strong></span> <span class='ocrx_word' id='word_1_285' title='bbox 1033 3353 1134 3413; x_wconf 81' lang='lat' dir='ltr'><strong>Hnnn.</strong></span> <span class='ocrx_word' id='word_1_286' title='bbox 1157 3353 1200 3411; x_wconf 87' lang='grc'><strong>13</strong></span> 
     </span>
     <span class='ocr_line' id='line_1_34' title="bbox 186 3437 1243 3521; baseline -0.002 -23"><span class='ocrx_word' id='word_1_287' title='bbox 186 3438 282 3500; x_wconf 87' lang='lat' dir='ltr'><strong>liuius</strong></span> <span class='ocrx_word' id='word_1_288' title='bbox 304 3437 376 3499; x_wconf 91' lang='lat' dir='ltr'><strong>belli</strong></span> <span class='ocrx_word' id='word_1_289' title='bbox 398 3447 480 3517; x_wconf 82' lang='lat' dir='ltr'><strong>gesta</strong></span> <span class='ocrx_word' id='word_1_290' title='bbox 503 3440 590 3502; x_wconf 91' lang='lat' dir='ltr'><strong>multi</strong></span> <span class='ocrx_word' id='word_1_291' title='bbox 612 3443 771 3502; x_wconf 90' lang='lat' dir='ltr'><strong>memoriae</strong></span> <span class='ocrx_word' id='word_1_292' title='bbox 794 3440 1001 3521; x_wconf 86' lang='lat' dir='ltr'><strong>prodiderunt,</strong></span> <span class='ocrx_word' id='word_1_293' title='bbox 1020 3441 1072 3501; x_wconf 90' lang='lat' dir='ltr'><strong>sed</strong></span> <span class='ocrx_word' id='word_1_294' title='bbox 1092 3459 1128 3502; x_wconf 82' lang='lat' dir='ltr'><strong>ex</strong></span> <span class='ocrx_word' id='word_1_295' title='bbox 1151 3439 1199 3500; x_wconf 92' lang='lat' dir='ltr'><strong>bis</strong></span> <span class='ocrx_word' id='word_1_296' title='bbox 1214 3456 1243 3496; x_wconf 85' lang='lat' dir='ltr'><strong>so</strong></span> 
     </span>
     <span class='ocr_line' id='line_1_35' title="bbox 186 3528 1198 3609; baseline 0 -20"><span class='ocrx_word' id='word_1_297' title='bbox 186 3529 255 3609; x_wconf 89' lang='lat' dir='ltr'><strong>duo,</strong></span> <span class='ocrx_word' id='word_1_298' title='bbox 278 3529 330 3607; x_wconf 92' lang='lat' dir='ltr'><strong>qui</strong></span> <span class='ocrx_word' id='word_1_299' title='bbox 353 3546 421 3589; x_wconf 88' lang='lat' dir='ltr'><strong>eum</strong></span> <span class='ocrx_word' id='word_1_300' title='bbox 445 3546 480 3589; x_wconf 90' lang='lat' dir='ltr'><strong>eo</strong></span> <span class='ocrx_word' id='word_1_301' title='bbox 501 3528 700 3608; x_wconf 81' lang='lat' dir='ltr'><strong>[Hannibale]</strong></span> <span class='ocrx_word' id='word_1_302' title='bbox 721 3532 752 3591; x_wconf 94' lang='lat' dir='ltr'><strong>in</strong></span> <span class='ocrx_word' id='word_1_303' title='bbox 775 3531 882 3591; x_wconf 87' lang='lat' dir='ltr'><strong>eastris</strong></span> <span class='ocrx_word' id='word_1_304' title='bbox 905 3530 1027 3591; x_wconf 86' lang='lat' dir='ltr'><strong>luerunt</strong></span> <span class='ocrx_word' id='word_1_305' title='bbox 1050 3529 1198 3607; x_wconf 91' lang='lat' dir='ltr'><strong>simulque</strong></span> 
     </span>
     <span class='ocr_line' id='line_1_36' title="bbox 186 3616 1198 3699; baseline 0 -21"><span class='ocrx_word' id='word_1_306' title='bbox 186 3619 340 3699; x_wconf 80' lang='lat' dir='ltr'><strong>dixerunt,</strong></span> <span class='ocrx_word' id='word_1_307' title='bbox 371 3618 512 3698; x_wconf 90' lang='lat' dir='ltr'><strong>quamdiu</strong></span> <span class='ocrx_word' id='word_1_308' title='bbox 536 3619 654 3680; x_wconf 87' lang='lat' dir='ltr'><strong>lortuna</strong></span> <span class='ocrx_word' id='word_1_309' title='bbox 677 3637 764 3698; x_wconf 89' lang='lat' dir='ltr'><strong>passa</strong></span> <span class='ocrx_word' id='word_1_310' title='bbox 791 3625 850 3699; x_wconf 86' lang='lat' dir='ltr'><strong>est,</strong></span> <span class='ocrx_word' id='word_1_311' title='bbox 878 3616 996 3680; x_wconf 89' lang='lat' dir='ltr'><strong>Silenus</strong></span> <span class='ocrx_word' id='word_1_312' title='bbox 1024 3626 1054 3679; x_wconf 91' lang='lat' dir='ltr'><strong>et</strong></span> <span class='ocrx_word' id='word_1_313' title='bbox 1082 3616 1198 3680; x_wconf 87' lang='lat' dir='ltr'><strong>Sosilus</strong></span> 
     </span>
    </p>
   </div>
   <div class='ocr_carea' id='block_1_7' title="bbox 0 0 1342 4058">
    <p class='ocr_par' dir='ltr' id='par_1_9' title="bbox 0 0 1342 4058">
     <span class='ocr_line' id='line_1_37' title="bbox 0 0 1342 4058; baseline 0 0"><span class='ocrx_word' id='word_1_314' title='bbox 0 0 1342 4058; x_wconf 95' lang='lat' dir='ltr'><strong> </strong></span> 
     </span>
    </p>
   </div>
  </div>
 </body>
</html>
