2638 4056
222 207 461 264 FRAGMENTA.
478 209 511 265 L.
525 207 700 265 CORNELII
714 206 854 266 SlSENN.
874 207 975 264 VEST.
987 215 1011 265 1.
1063 207 1129 274 176

110 357 233 419 llumine
260 357 359 419 medio
386 356 564 418 diuiserunt.
599 355 653 418 ubi
682 357 754 419 dum
780 360 861 421 inter
887 375 919 420 se
952 360 1128 439 grauissima

109 446 224 508 irruidia
246 453 277 508 et
294 447 487 508 contentione
506 445 683 528 disceptant,
705 465 775 509 oum
793 464 900 526 magua
917 449 1079 527 ignominia
1097 455 1128 509 at

109 535 244 616 periculo
262 535 388 598 Romani
406 536 536 597 nominis
555 537 629 597 uicti
647 543 726 617 suut,
740 538 767 597 si
785 536 907 616 quidem
924 539 956 610 iu
975 555 1010 600 ea
1027 555 1127 617 pugna
1214 579 1217 586 «

109 624 148 688 M.
166 623 501 687 Aemilius'consularis
519 632 624 703 captus
646 633 736 704 atque
759 625 888 688 infectus
911 634 972 707 est,
995 625 1056 687 duo
1073 625 1127 688 filil

111 713 243 776 consulis
261 716 355 795 caesi;
378 715 528 792 octoginta
545 713 627 774 milia
644 713 846 776 Romanorum
864 717 1074 796 sociorumque
1093 732 1155 776 aaa

111 811 287 883 tempestate
306 803 463 884 trucidata,
481 802 676 883 quadraginta
695 803 775 866 milia
793 803 930 866 calonum
947 811 1039 884 atque
1056 803 1127 866 lixa-

110 911 178 954 rum
197 893 355 954 interiecta
373 893 476 954 Antias
499 890 614 954 scribit.
640 893 682 954 ita
700 910 736 954 ex
755 894 837 954 omni
853 894 974 972 penitus
993 894 1128 954 exercitu

110 981 215 1043 decem
238 988 354 1043 tantum
377 980 465 1042 modo
494 980 644 1063 homines,
673 983 724 1062 quii
751 983 896 1042 miserum
923 984 1062 1043 nuntium
1090 982 1126 1042 ad

110 1071 259 1150 augendas
282 1073 418 1132 miserias
441 1077 639 1151 reportarent,
663 1069 848 1150 superfuisse
871 1071 1054 1132 referuntur.

200 1153 258 1222 64.
283 1161 360 1221 Plio.
379 1179 408 1220 a.
427 1161 456 1220 lt
474 1159 648 1221 XXXIII]
665 1160 709 1220 14
732 1158 835 1220 Antias
856 1159 979 1240 quidem
1002 1158 1127 1238 [auctor
1135 1161 1190 1240 ,⁹2

110 1246 167 1326 est]
191 1248 319 1311 heredes
337 1248 370 1310 L.
389 1247 489 1310 Crassi
512 1250 639 1310 oratoris
658 1247 751 1310 multa
770 1251 859 1311 etiam
877 1249 1008 1311 triclinia
1025 1255 1126 1310 aerata
1135 1251 1187 1302 663

110 1337 291 1399 uendidisse.

327 1454 514 1511 menbrum
534 1453 636 1510 SEDIS
654 1453 913 1511 FRAGMENTVM

200 1563 259 1631 65.
286 1570 357 1630 Gen.
380 1569 470 1644 V21,
486 1569 509 1629 6
526 1567 620 1630 Velim
639 1568 746 1630 doceas
765 1586 829 1650 nos,
848 1587 903 1630 cur
922 1563 1042 1648 ‘pluria'
1060 1570 1127 1629 siue

111 1653 316 1738 ‘compluria',
343 1657 418 1719 nibil
445 1659 525 1719 enim
552 1657 664 1740 differt,
692 1675 753 1720 nou
780 1657 883 1718 Latine
916 1657 969 1718 sed
1001 1656 1127 1718 barbare

110 1744 240 1809 dixerint
262 1746 299 1808 M.
323 1746 404 1826 Cato,
428 1747 462 1818 Q.
485 1746 641 1828 Claudius,
665 1745 799 1808 Valerius
820 1747 937 1827 Antias,
959 1746 992 1809 L.
1014 1745 1125 1827 Aelius,
1142 1762 1166 1804 u

110 1834 141 1896 P.
159 1835 306 1916 Nigidius,
328 1834 366 1897 M.
385 1834 486 1916 Varro,
510 1854 585 1916 quos
609 1835 830 1915 subscriptores
853 1835 1125 1916 approbatoresque

109 1923 200 1988 buius
223 1924 311 1987 uerbi
332 1923 485 1986 habemus

306 2126 351 2211 L.
386 2122 676 2211 CORNELIVS
705 2121 926 2211 SISMNNA

506 2271 733 2329 assumimus

77 2382 112 2451 l.
141 2389 227 2466 dorp.
247 2391 341 2449 inser.
356 2391 408 2449 lot.
425 2388 445 2448 I
460 2405 491 2464 p.
510 2387 568 2447 111
592 2381 660 2447 Ἐπὶ
682 2380 806 2448 ὑπάτων
823 2388 953 2450 Κοΐντου
976 2387 1128 2450 Λυτατίον

112 2487 242 2563 Κοΐντου
265 2485 334 2548 clod
357 2479 475 2546 Κάτλου
498 2483 549 2545 καὶ
566 2481 699 2565 Μάρκου
718 2481 872 2566 Αἰμιῌίον)
891 2483 1035 2564 Κοΐντου]
1060 2483 1129 2546 olori

112 2576 261 2663 Μάρκον,
293 2583 409 2645 υῐωνοῢ
438 2581 576 2644 Λεπίδου
608 2579 758 2661 [Λιπὲὅον
790 2581 870 2660 aes]‚
901 2586 1062 2664 στρατηγοῦ
1095 2579 1128 2643 δὲ
1141 2609 1168 2648 ao

112 2675 187 2743 sard
201 2676 288 2744 πόλιν
302 2681 352 2744 καὶ
367 2679 414 2742 ἐπὶ
428 2683 487 2742 τῶν
501 2678 594 2755 ξένων
608 2675 742 2744 Ascalon
757 2679 942 2762 Kopvapllo[u
948 2726 1036 2745 .......
1045 2679 1127 2758 υἱοῦ]

112 2777 253 2858 Σισέννα,
267 2773 361 2860 μηνὸς
378 2780 495 2842 Μαΐου.
522 2775 564 2858 [a.
581 2780 632 2840 78.
649 2779 741 2858 676]
771 2781 831 2840 Cio.
850 2780 967 2841 cornel.
983 2797 1014 2856 p.
1032 2778 1075 2838 65
1089 2779 1128 2840 K.

113 2876 180 2938 Non
199 2875 250 2937 Cn.
265 2875 414 2938 Dolabella
433 2875 464 2938 C.
481 2875 654 2958 Volcatium,
676 2877 922 2939 honestissimum
939 2879 1040 2937 uirum
1059 2893 1128 2935 coo·

112 2967 198 3027 muni
221 2973 251 3026 et
273 2965 446 3046 quotidiano
469 2967 535 3026 iure
554 2969 712 3047 priuasset,
731 2984 792 3027 non
810 2966 938 3045 denique
956 2965 1046 3026 homo
1060 2963 1127 3047 ‚illo-

112 3072 181 3116 rum
204 3061 234 3115 et
257 3057 320 3116 uita
338 3063 369 3116 et
387 3053 545 3133 prudentia
564 3056 650 3134 longe
670 3055 831 3137 dissimilis,
850 3054 903 3116 sed
922 3063 1021 3116 tamen
1039 3054 1128 3114 nimis
1142 3068 1168 3110 ss

112 3145 145 3206 iu
164 3143 357 3223 gratificando
375 3145 442 3206 iure
460 3142 549 3225 liber,
567 3144 601 3206 L.
616 3144 754 3225 Sisenna,
772 3143 920 3206 bonorum
939 3143 991 3206 Cn.
1011 3141 1130 3206 Corneli

112 3235 334 3313 possessionem
352 3251 389 3295 ex
408 3233 505 3294 edicto
525 3252 580 3295 suo
598 3233 631 3296 L.
652 3234 793 3312 Scipioni,
811 3233 996 3295 adulescenti
1014 3249 1129 3294 summa

115 3321 277 3403 nobilitate,
300 3324 407 3384 eximia
430 3323 542 3384 uirtute
566 3323 710 3403 praedito,
733 3341 793 3383 non
811 3322 952 3384 dedisset.
982 3325 1026 3384 ad
1041 3337 1130 3398 quem

113 3416 213 3474 Iocum
236 3413 385 3474 Ascoaius
412 3414 490 3474 baec
517 3415 678 3476 adnotabit
702 3405 747 3494 (p.
769 3407 842 3493 66):
873 3411 936 3472 Hoc
961 3410 1056 3471 solum
1079 3409 1129 3470 hic

114 3500 316 3564 adnotandum
338 3507 385 3564 est
406 3500 487 3561 hunc
512 3519 577 3564 esse
601 3501 633 3562 L.
657 3495 812 3562 Sisennam
836 3502 889 3580 qui
910 3517 960 3561 res
983 3499 1129 3560 Romanas
1143 3513 1170 3554 ao

114 3592 244 3671 scripsit.
315 3645 319 3652 .
