2640 4052
191 253 235 319 48
526 253 563 308 Μ.
582 251 703 310 POROII
721 251 876 310 CATONIS

192 411 401 484 praeterquam
426 404 505 483 quod
529 403 669 464 Termino
692 403 794 464 lanum
817 403 887 484 luit3
914 402 944 463 id
973 404 1131 482 nequitum
1159 421 1209 464 ex·

191 494 340 572 augurari.
355 511 397 542 =
412 493 523 554 Donat.
543 495 588 554 ud
602 493 720 554 Terent.
739 493 860 554 Phorm.
882 493 958 552 IIII
971 493 1000 568 3,
1023 492 1045 552 6
1068 491 1118 553 Sic
1136 491 1209 554 cao

191 584 342 660 originum
358 580 504 642 seeundo:
527 581 607 642 Fana
620 583 652 641 in
667 598 703 642 eo
717 579 783 641 loeo
798 580 970 661 compluria.
1003 582 1074 644 Gell.
1092 581 1210 657 V21,a

190 669 284 731 Velim
307 670 415 732 doceas
438 688 506 751 nes,
531 687 586 731 cur
607 669 705 748 pluria
729 672 794 731 siue
822 669 987 750 compluria
1010 703 1053 714 -
1077 670 1209 732 dixerint

190 757 229 820 M.
252 757 336 840 cao,
360 758 393 830 Q.
414 758 555 821 Claudius
579 766 609 821 et
631 777 658 835 q.
677 777 701 820 s.
720 758 760 836 es,
780 760 941 821 [33155
965 761 1018 832 (de
1040 759 1206 836 Tarquinio
1235 779 1248 821 3

191 850 351 925 Superbo).

281 932 337 1001 25.
362 939 515 999 Priscian.
537 938 583 998 VI
597 957 628 1014 p.
647 937 716 998 227
740 933 798 1019 (=
807 956 840 1016 p.
854 931 938 1020 266)
961 939 998 999 II.
1045 937 1117 1000 Cale
1141 937 1210 998 inl

190 1028 353 1106 originum:
385 1025 460 1087 Nam
493 1026 531 1087 de
564 1029 644 1088 omni
677 1025 846 1088 Tusculana
879 1029 1001 1088 ciuitate
1035 1025 1092 1088 soli
1122 1027 1209 1088 Lucii

190 1113 313 1177 Mamilii
335 1115 515 1177 beneficium
538 1123 656 1194 gratum
680 1116 745 1176 luit.

280 1199 339 1268 23.
366 1205 437 1268 dell.
458 1205 545 1278 116,
565 1205 587 1264 4
610 1202 647 1266 Μ.
671 1203 743 1266 Gale
765 1206 798 1266 in
825 1207 921 1284 primo
949 1207 1112 1284 originum:
1135 1203 1208 1266 lude
1223 1223 1250 1266 10

190 1300 238 1354 est
261 1293 355 1354 ferme
378 1292 459 1354 mille
481 1310 612 1372 passum.

218 1472 225 1486 .
270 1376 339 1494 27.
366 1383 484 1445 Charis.
505 1384 526 1443 1
548 1382 591 1443 72
613 1384 651 1443 K.
689 1381 761 1444 Calo
789 1384 938 1462 originum
966 1382 980 1442 l
1007 1377 1135 1444 ‘Vehes'
1166 1385 1208 1444 ait

190 1464 279 1549 ‘ligna

280 1553 338 1621 28.
362 1561 437 1622 Noa.
461 1579 484 1621 s.
508 1579 537 1622 u.
557 1563 671 1638 pedatu
691 1580 721 1637 p.
744 1560 789 1620 64
812 1560 884 1638 Cato
907 1562 1057 1640 originum
1079 1560 1157 1622 libro
1180 1561 1207 1623 1:

189 1646 285 1727 Igitur
307 1651 396 1710 lertio
419 1649 527 1727 pedatu
551 1647 662 1710 bellum
685 1649 771 1710 nobis
795 1649 902 1712 iacere.
1103 1649 1106 1654 ’
1221 1668 1247 1710 aa

279 1731 337 1800 23.
362 1739 437 1799 Noa.
455 1757 478 1800 s.
493 1757 522 1800 u.
537 1741 699 1817 prosapies
713 1757 745 1816 p.
761 1739 808 1799 67
831 1737 902 1801 Cale
921 1740 1070 1818 originum
1089 1737 1167 1800 libro
1181 1738 1207 1800 l:

188 1834 309 1888 ueteres
331 1829 478 1907 prosapia.

279 1910 337 1979 30.
362 1918 459 1978 Prisc.
476 1917 552 1978 IIII
563 1936 594 1994 p.
609 1916 672 1977 129
691 1910 749 1999 (=
773 1918 835 1978 VII
840 1935 871 1995 p.
886 1908 970 1999 337)
984 1918 1021 1978 H.
1046 1915 1118 1978 Cale
1133 1915 1207 1977 Cen·

189 2005 287 2066 soiius
310 2005 378 2066 in·l
401 2007 564 2085 originum:
589 2005 647 2066 Sed
671 2005 759 2068 lucus
780 2005 948 2085 Capenatis.

571 2123 626 2178 EX
649 2122 776 2179 LIBRO
795 2123 821 2177 11

279 2212 358 2281 31*.
383 2219 472 2280 Seru.
486 2221 561 2280 Aea.
575 2220 630 2279 XI
643 2219 705 2279 715
724 2218 795 2280 eata
810 2220 968 2299 originum,
983 2235 1052 2279 eum
1067 2217 1104 2279 de
1118 2218 1206 2297 Ligu·
1221 2240 1247 2282 eu
1305 2241 1306 2250 ¹

188 2304 274 2367 ribus
306 2305 494 2386 loqueretur:
532 2306 591 2369 Sed
623 2309 682 2387 ipsi
713 2307 793 2370 unde
826 2307 946 2369 oriundi
983 2314 1068 2387 sunt,
1105 2314 1207 2370 exacta

188 2397 339 2456 memoria.
375 2395 518 2457 inliterali
541 2396 759 2476 mendacesque
783 2405 852 2459 suut
876 2405 905 2458 et
928 2413 1001 2457 uera
1023 2398 1123 2458 minue
1146 2414 1206 2457 me·

188 2501 310 2545 manere.

278 2567 337 2635 32.
363 2575 451 2636 Seru.
466 2575 540 2635 Aea.
557 2575 611 2634 XI
623 2575 693 2633 700
715 2575 842 2655 Ligures
856 2581 956 2634 autem
970 2591 1073 2634 omnes
1088 2573 1207 2636 fallaces
1305 2591 1306 2628 ff

189 2670 268 2744 sunt,
291 2663 370 2724 sieut
393 2664 434 2724 ait
457 2660 529 2723 Cato
552 2665 584 2722 in
607 2664 739 2725 secundo
763 2665 912 2743 originum
935 2661 1022 2724 libro.
1220 2683 1246 2726 ee

279 2746 338 2813 33.
363 2753 438 2812 Noa.
457 2770 481 2812 s.
500 2769 530 2811 u.
547 2755 634 2828 pelas
654 2771 684 2829 p.
704 2752 771 2814 208
803 2752 874 2814 Cato
899 2753 1047 2831 originum
1071 2750 1147 2812 libro
1166 2749 1206 2812 11:

188 2839 285 2920 Libui,
304 2842 357 2920 qui
375 2846 517 2920 aquatum
531 2847 565 2900 ut
583 2839 727 2920 lignatum
741 2843 883 2904 uidentur
902 2842 956 2921 ire,
971 2842 1101 2902 securim
1116 2848 1205 2920 atque

187 2927 284 2990 lorum
309 2929 418 3009 lerunt,
442 2927 542 3007 gelum
566 2946 699 2990 erassum
725 2931 875 3010 excidunt,
899 2948 968 2990 eum
990 2928 1055 2991 lore
1078 2928 1205 3009 conliga·

187 3024 251 3078 tum
276 3017 423 3078 auserunt.

278 3100 337 3169 34.
366 3107 484 3167 Charis.
496 3107 535 3166 II
536 3125 568 3184 p.
579 3106 646 3167 202
653 3107 692 3167 K.
711 3105 748 3167 Μ.
760 3106 831 3168 Cato
841 3108 990 3186 originum
1005 3106 1045 3168 ll:
1059 3105 1205 3185 Pleraque
1219 3129 1248 3171 aa

188 3192 280 3254 Gallia
298 3194 372 3255 duas
391 3213 440 3255 res
458 3194 725 3257 industriosisslme
743 3197 944 3276 persequitur,
963 3213 1028 3256 rem
1046 3193 1205 3255 militarem

188 3289 218 3344 et
240 3292 345 3363 argute
366 3284 457 3364 loqui.

278 3368 336 3434 35.
364 3374 482 3435 Charis.
504 3374 570 3449 lp.
588 3372 632 3434 83
650 3374 688 3434 Is.
712 3372 785 3435 Calo
808 3375 957 3452 originum
982 3372 1127 3433 secundo:
1150 3372 1204 3433 Pa·

187 3477 280 3539 pauer
304 3461 479 3522 Gallicanus.

277 3545 336 3613 36.
363 3552 435 3612 dell.
451 3551 554 3610 XVII
568 3551 655 3625 l3,4
677 3549 711 3611 ln
735 3549 865 3612 secunda
889 3566 1009 3630 quoque
1033 3552 1148 3630 origine
1166 3549 1204 3613 M.
1218 3571 1245 3614 u

188 3636 259 3701 Cato
283 3657 342 3700 non
367 3637 454 3718 longe
478 3655 566 3700 secus
584 3638 640 3700 luae
659 3639 803 3719 particula
822 3656 896 3700 ueus
915 3647 977 3701 est:
1000 3639 1103 3720 Neque
1123 3642 1204 3722 satie,
