2640 4052
432 203 662 260 FRAGMENTA
681 209 794 260 18-22.
1080 203 1124 270 29

199 346 259 416 20.
282 353 385 415 Strub.
403 353 494 428 V3‚1
509 373 540 431 p.
551 352 614 414 228
627 355 659 414 C.
686 350 766 432 Φησὶ
779 347 808 414 δ’
825 347 841 416 ὁ
856 347 1045 436 συγγραφεὺς
1062 348 1123 415 Φοὶ-
1134 351 1188 430 2-92

106 453 174 531 βιος
187 444 351 532 Ῥωμαίους
368 449 529 513 αἰσθέσθαι
550 453 604 513 τοῦ
621 446 752 514 πλοότου
774 445 837 513 τότε
857 453 985 532 πρῶτον,
1007 446 1055 514 ὅτε
1071 441 1188 515 τοῦ464

105 547 220 624 ἔθνους
241 545 347 612 τούτου
372 547 585 627 [Sabinorum]
607 546 787 629 κατέστησαν
808 545 915 631 κόριοι.
1146 570 1149 574 ·

199 641 258 711 21.
278 650 384 727 Polyb.
395 649 501 732 1141
517 637 788 729 Οάχῆττονδὲτοῖν
796 645 1125 730 προειρημένωνπαρω-

107 741 228 826 ξόνθην
250 744 402 825 ἐπιστῆσαι
422 742 517 831 τοότῳ
540 750 580 833 τῷ
603 743 721 829 πολέμῳ
743 744 794 807 καλ
817 739 868 807 διά
889 741 922 808 τὸ
940 739 1010 820 τοὺς
1028 744 1153 826 ἐμπει-ει

108 837 218 922 ρότατα
240 844 404 918 δοκοῦντας
421 839 549 926 γράφειν
565 838 642 924 ὑπὲρ
664 839 766 922 αάτοῦ,
787 848 912 906 Φιλῖνον
928 842 979 905 καλ
999 839 1127 925 Φάβιον,

108 934 150 1022 μὴ
175 936 302 1015 δεόντως
324 935 399 1022 ἡμῖν
421 937 636 1026 ἀπηγγελκέναι
657 936 714 1022 τὴν
736 934 892 1022 ἀλήθειαν.
930 935 1051 1017 ἓκόντας
1073 941 1127 1023 μὲν

108 1025 167 1102 οὖν
190 1037 341 1120 ἐψεῦσθαι
361 1035 431 1115 τοὺς
454 1037 567 1122 ἀνδρας
595 1035 650 1122 οάχ
672 1033 891 1122 ἀπολαμβάνω,
918 1036 1128 1122 στοχαζόμενος

109 1135 142 1199 ἐκ
163 1139 218 1201 τοῦ
240 1138 310 1220 βίου
328 1136 380 1200 καλ
396 1141 448 1219 τῆς
466 1137 604 1219 αἱρέσεως
622 1133 733 1201 αὐτῶν·
758 1139 881 1202 δοκοῦσι
901 1135 934 1200 δέ
952 1162 1002 1220 μοι
1019 1160 1127 1201 πεπον·

108 1234 200 1299 θέναι
222 1261 250 1298 τι
271 1232 478 1320 παραπλήσιον
500 1241 561 1312 τοῖς
584 1236 679 1318 ἐρῶσι.
712 1231 762 1299 διά
785 1231 843 1320 γάρ
865 1233 921 1318 τὴν
943 1237 1055 1318 αἵρεσιν
1076 1236 1127 1300 καὶ
1142 1257 1168 1298 10

108 1329 176 1414 τὴν
193 1329 267 1415 ὅλην
294 1331 417 1398 εὔνοιαν
441 1337 553 1420 Φιλίνῳ
583 1332 636 1415 μὲν
663 1330 760 1396 πάντα
787 1336 930 1399 δοκοῦσιν
958 1337 990 1399 οί
1008 1339 1128 1418 Καρχη-

111 1428 210 1496 δόνιοι
227 1437 398 1515 πεπρᾶχθαι
416 1436 570 1515 φρονίμως
586 1437 683 1508 καλῶς
703 1428 877 1514 ἀνδρωδῶς,
896 1434 928 1497 οἱ
943 1431 977 1496 δὲ
989 1428 1128 1514 Ῥωμαῖοι

109 1525 262 1593 τάναντία·
286 1533 391 1617 Φαβίῳ
415 1529 449 1594 δέ
465 1527 631 1611 τοῦμπαλιν
646 1526 768 1594 τούτων.
790 1565 830 1576 -
851 1525 984 1613 (15,12)
1005 1535 1129 1594 Φιλῖνον

112 1624 167 1707 μέν
190 1618 247 1691 οὖν
274 1623 344 1710 παρ’
370 1625 443 1709 ὅλην
465 1626 505 1691 ἀν
526 1653 570 1704 τις
591 1623 646 1709 τὴν
667 1629 868 1712 πραγματείαν
891 1625 973 1710 εὕροι
994 1634 1129 1694 τοιοῦτον

110 1721 183 1787 ὄντα
208 1725 282 1803 [pro
304 1729 608 1804 θανολαγλοῐωιεὶδυο
626 1727 845 1806 mentientem,
863 1729 1075 1808 παραπλησίας
1096 1723 1129 1789 δὲ
1143 1745 1169 1787 15

111 1821 162 1883 καί
186 1819 313 1904 Φάβιον,
337 1819 377 1898 ὥς
400 1820 447 1887 ἐπ’
473 1821 571 1887 αὐτῶν
594 1818 784 1906 δειχθήσεται
805 1829 866 1888 τῶν
888 1829 1008 1907 καιρῶν.

202 1915 261 1984 22.
284 1924 388 2001 Polyb.
400 1924 519 2001 158,2
536 1918 570 1985 ‘O
591 1918 649 2005 γάρ
668 1917 805 2003 Ἀμίλκας
825 1927 885 1985 τῶν
901 1918 1055 2005 Ῥωμαίων
1077 1919 1129 1986 τὸν

102 2015 219 2101 Ἔρυκα
240 2015 411 2100 τηρούντων
433 2020 484 2083 ἐπί
503 2021 533 2082 ’τε
554 2023 607 2101 τῆς
629 2025 766 2102 κορυφῆς
787 2020 838 2082 καὶ
860 2013 941 2103 παρὰ
959 2016 1013 2102 τὴν
1035 2021 1129 2103 βίζαν,

110 2113 250 2198 καθάπερ
268 2119 398 2198 εἴπομεν,
420 2115 592 2200 κατελάβετο
611 2111 667 2198 τὴν
683 2114 772 2181 πόλιν
793 2123 852 2181 τῶν
867 2114 1043 2202 Ἐρυκίνων,
1066 2114 1129 2199 ἥτις

110 2207 152 2298 ἦν
175 2208 282 2297 μεταξὺ
303 2219 356 2297 τῆς
372 2239 402 2280 τε
424 2219 561 2298 κορυφός
582 2214 634 2278 καλ
654 2219 713 2279 τῶν
735 2211 812 2298 πρὸς
834 2221 869 2300 τῇ
892 2217 956 2302 βίζη
976 2236 1128 2297 στρατοπε·
1143 2237 1169 2277 το

112 2309 292 2379 δευσόντιον.
324 2313 354 2390 ἐξ
378 2304 415 2378 οὗ
438 2313 594 2397 συνέβαινε
616 2309 793 2395 παραβόλως
816 2311 870 2394 μὲν
898 2309 1056 2395 ἀπομένειν
1078 2313 1129 2376 κοιλ

111 2408 352 2476 διακινδυνεύειν
370 2411 642 2494 πολιορκουμένους
663 2406 732 2486 τοὺς
753 2407 808 2492 τὴν
830 2407 970 2495 κορυφὴν
991 2411 1129 2494 κατέχον-

110 2534 163 2585 τας
185 2513 245 2573 τοῖιν
262 2503 426 2591 Ῥωμαίων,
448 2505 578 2585 ἀπίστως
601 2508 634 2572 δὲ
655 2505 726 2584 τοδς
748 2511 977 2592 Καρχηδονίους
999 2505 1130 2592 ἀπέχειν

111 2612 172 2672 τῶν
193 2631 224 2670 τε
247 2609 396 2688 πολεμίων
418 2605 606 2691 πανταχόθεν
628 2606 850 2691 προσκειμένων
878 2607 929 2670 καλ
955 2612 1015 2671 τῶν
1042 2633 1130 2690 χορη-

112 2709 187 2788 γιῶν
210 2700 248 2769 οὖ
271 2706 381 2790 βῳδίως
403 2701 504 2782 αάτοῖς
522 2705 814 2791 παρακομιζομένων,
837 2699 878 2780 ἀς
895 2699 935 2768 ἀν
952 2710 1005 2786 τῆς
1022 2700 1131 2770 θαλάτ-
1144 2727 1170 2768 τε

112 2828 164 2884 της
186 2798 259 2867 καθ’
286 2801 339 2867 ἕνα
367 2799 460 2868 τόπον
486 2803 537 2866 καλ
564 2807 634 2886 μίαν
660 2800 811 2888 πρόσοδον
838 2798 1050 2885 ἀντεχομένοις.
1095 2799 1132 2868 οὗ

114 2897 173 2982 μὴν
196 2895 270 2964 ἀλλά
293 2896 384 2964 πόλιν
402 2900 535 2966 ἐνταῦθα
553 2898 663 2977 πάσλιις
681 2899 735 2983 μέν
752 2896 915 2983 ἀμφότεροι
932 2907 996 2976 ταῖς
1012 2908 1130 2984 πολιορ-

113 3005 247 3079 κητικαῖς
270 2998 414 3075 ἐπινοίαις
435 2999 487 3064 καὶ
509 3002 589 3082 βίαις
610 2996 789 3081 χρησόμενοι
810 2995 873 3062 κατ’
899 2995 1047 3080 ἀλλήλων,
1070 3004 1132 3063 πᾶν

115 3095 149 3160 δέ
165 3095 252 3180 γένος
269 3096 385 3172 ἐνδείας
402 3093 610 3180 ἀνασχόμενοι,
628 3094 727 3179 πόσης
744 3093 774 3160 δ’
795 3095 957 3174 ἐπιθέσεως
974 3099 1025 3162 καί
1038 3095 1133 3182 μόχης

115 3201 221 3277 πεῖραν
251 3190 406 3278 λαβόντες,
436 3193 517 3271 τέλος
544 3190 614 3277 οὐχ,
642 3187 683 3269 (ὃς
712 3190 827 3277 Φάβιός
854 3214 963 3277 φησιν,
990 3195 1193 3272 &guma-241

114 3297 233 3368 τοῦντες
255 3291 306 3354 κοιλ
327 3297 568 3374 περικακοῦντες,
590 3286 654 3355 ἀλλ’
681 3286 721 3368 ἀς
743 3287 783 3356 ἀν
805 3289 934 3370 ἀπαθεῖς
956 3293 1006 3356 παλ
1028 3286 1195 3376 ‹itinn-{1}

115 3392 162 3456 τοί
181 3413 259 3465 τινες
276 3385 384 3473 ἀνδρες
400 3386 482 3474 ἱερὸν
503 3390 646 3471 ἐποίησαν
663 3384 716 3454 τὸν
735 3389 892 3471 στέφανον.
915 3387 1058 3473 πρότερον
1076 3387 1132 3474 γάρ

114 3482 136 3569 ἢ
154 3483 297 3566 ’κείνους
318 3483 458 3570 ἀλλήλων,
475 3487 678 3572 ἐπικρατῆσαι,
707 3491 813 3571 καίπερ
837 3484 895 3553 δόο
917 3488 966 3570 ἔτη
988 3485 1079 3552 πόλιν
1100 3488 1135 3552 ἐν

116 3581 209 3671 τοότῳ
233 3590 274 3671 τῷ
295 3581 375 3672 τόπῳ
399 3586 686 3670 διαγωνισαμένους,
709 3583 749 3650 δι’
775 3581 1000 3668 ἄλλοντρόπον
1023 3585 1134 3668 συνέβη
