2670 4058
168 227 232 292 124
499 224 530 290 Q.
549 220 699 278 Lvunru
718 221 852 278 CATVLI

257 369 314 438 lt.
337 375 474 438 Diomed.
499 375 520 436 Ι
540 393 570 451 p.
590 373 715 434 37411.
753 369 877 432 Publius
899 368 1029 432 Rutilius
1059 367 1096 430 dc
1119 370 1182 432 uita

166 485 232 528 sua:
256 464 342 536 Quod
365 466 392 525 si
414 482 462 524 mc
485 465 615 534 inuitum
638 461 720 522 abire
745 462 895 522 siuissent.

257 549 314 616 15.
338 553 474 615 Diomed.
490 553 512 614 Ι
521 570 553 629 p.
567 551 614 612 37
617 551 639 612 6
652 552 692 612 K.
720 549 751 611 P.
766 549 895 614 Rutilius
915 548 951 611 de
969 547 1031 611 uita
1046 566 1112 611 sua:
1126 546 1183 610 Vni

166 662 225 707 una
249 650 396 705 ostentata
419 649 473 703 est.

390 868 434 973 Q.
459 867 710 958 LVTA'HVS
734 865 962 956 onuvhvs

564 1016 792 1074 TESTIMONIA

133 1128 163 1196 1.
187 1136 222 1196 Α.
246 1134 319 1195 102.
346 1133 412 1194 752
439 1151 513 1209 cos,
542 1133 613 1193 101.
644 1132 709 1192 753
746 1134 778 1193 οὐ
811 1136 926 1210 campis
953 1133 1087 1196 Raudiis
1114 1151 1211 1196 cums
1320 1129 1321 1166 l

170 1225 200 1285 O.
229 1224 334 1285 Morio
366 1224 501 1284 Cimbros
528 1225 617 1296 uicit,
647 1222 723 1283 bello
751 1221 889 1283 Marsico
917 1225 1049 1305 teocius,
1077 1241 1104 1284 ο.
1129 1223 1181 1283 87.

169 1313 239 1374 667
263 1331 283 1374 o
306 1312 410 1373 Morio
433 1319 559 1372 mortem
580 1312 641 1372 sibi
663 1314 855 1372 consciscere
878 1317 1010 1372 coactus.

132 1396 166 1464 2.
191 1397 299 1462 ‘Paene
323 1400 398 1462 alter
421 1395 552 1461 Laelius’
580 1401 640 1461 Cic.
664 1399 749 1460 Taso.
771 1397 862 1473 719,
877 1399 930 1459 56.
954 1400 1040 1460 Brut.
1054 1400 1107 1481 35,
1121 1399 1183 1460 132

167 1490 228 1551 lam
251 1489 284 1560 Q.
309 1487 445 1571 Catulus,
467 1507 528 1550 non
557 1490 679 1567 antiquo
702 1487 753 1549 illo
781 1505 877 1567 more,
905 1486 957 1548 sed
985 1487 1042 1549 hoc
1070 1496 1183 1570 nostro,
1319 1561 1322 1570 A

165 1581 225 1641 nisi
248 1577 319 1658 quid
342 1578 408 1639 fieri
430 1585 530 1657 potest
549 1577 726 1658 perfectius,
749 1575 893 1637 eruditus.
929 1575 1039 1638 multae
1058 1577 1184 1660 litterae,
1198 1597 1226 1638 ιο

168 1685 282 1729 summa
305 1685 365 1728 non
389 1669 469 1728 uitae
493 1667 589 1729 solum
609 1673 697 1747 atque
717 1672 840 1726 naturae
860 1663 912 1734 sed
932 1667 1075 1728 orationis
1094 1669 1183 1729 etiam

167 1758 306 1837 comitas,
333 1757 508 1836 incorrupta
536 1755 680 1837 quaedam
708 1752 806 1816 Latini
839 1756 986 1815 sermonis
1017 1757 1183 1836 integritas

168 1864 243 1926 quae
267 1847 398 1925 perspici
421 1864 490 1907 cum
514 1864 550 1906 ex
574 1842 759 1906 orationibus
783 1844 847 1903 eius
874 1851 987 1926 potest,
1015 1853 1079 1906 tum
1104 1845 1183 1909 iacil-

167 1935 236 1996 lime
251 1953 287 1996 ex
302 1952 337 1994 eo
357 1933 447 2015 libro,
467 1952 555 2014 quem
576 1933 612 1994 dc
631 1929 788 1994 consulatu
802 1930 883 1994 etde
897 1931 989 1994 rebus
1009 1936 1101 2014 gestis
1120 1937 1183 1996 suis

167 2025 371 2103 conscriptum
385 2022 466 2084 molli
486 2031 516 2084 et
530 2020 746 2100 Xenophonteo
760 2037 870 2100 genere
885 2026 1032 2085 sermonis
1050 2025 1132 2085 misit
1146 2023 1183 2085 ad
1197 2041 1223 2082 15

167 2115 199 2174 Α.
220 2113 344 2174 Furium
363 2120 481 2191 poetam
501 2111 568 2188 [qui
581 2110 875 2191 conules.scripsit],
895 2112 1069 2175 familiarem
1087 2131 1182 2174 suum.

168 2204 220 2281 qui
243 2201 319 2263 liber
342 2200 435 2262 nihilo
459 2202 558 2261 notior
582 2208 640 2280 est,
662 2216 751 2278 quam
772 2197 815 2259 illi
836 2208 912 2282 tres,
932 2201 968 2262 de
987 2202 1096 2282 quihus
1115 2209 1182 2263 ante

168 2290 242 2371 dixi,
272 2289 377 2351 Scauri
405 2289 482 2350 libri.
524 2288 826 2368 ᾱευνα1.117,28
854 2291 904 2351 cui
930 2309 990 2352 non
1010 2291 1105 2352 solum
1128 2307 1183 2351 nos

166 2378 265 2440 Latini
289 2379 435 2440 sermonis
459 2376 511 2437 sed
536 2378 625 2438 etiam
649 2376 756 2438 Graeci
778 2379 838 2457 ipsi
856 2379 953 2440 solent
976 2397 1047 2440 suae
1065 2379 1183 2458 linguae

168 2466 361 2529 subtilitatem
386 2465 621 2546 elegantiamque
645 2465 819 2528 concedere.
843 2469 939 2543 1118,
953 2467 1004 2527 29.
1196 2485 1223 2526 ιο

116 2699 119 2702 ¹
221 2619 270 2675 DE
290 2615 506 2676 CONSVLATV
525 2617 572 2672 ET
590 2617 639 2673 DE
656 2617 775 2675 REBVS
795 2619 922 2676 GESTIS
942 2617 1020 2675 SVIS
1038 2618 1138 2674 LIBRI

558 2705 788 2764 FRAGMENTA

104 2796 158 2874 1-⁰-²
259 2817 291 2884 l.
315 2822 473 2883 Plutarch.
488 2821 571 2884 Mor.
585 2821 629 2882 25
659 2817 846 2902 Τηρήσαντες
867 2810 924 2882 οὖν
945 2815 997 2882 τὸν
1020 2814 1184 2900 ὡρισμίνον

167 2915 277 3001 χρόνον
290 2909 572 2998 άντιπαρετάσσοντο
588 2917 735 2998 [Romani
747 2925 857 2981 contro
873 2918 1008 2979 Cimbros
1023 2921 1054 2980 in
1064 2921 1181 2996 campis

167 3013 313 3095 Raudiis]
319 3063 328 3097 ‚
347 3011 462 3091 Κάτλος
481 3014 534 3098 μὲν
553 3016 628 3098 ἔχων
647 3016 819 3095 δισμυρίους
835 3013 886 3076 καί
898 3016 1084 3094 τριακοσίους
1097 3033 1181 3097 στρα-

166 3109 283 3193 τιοίτας,
316 3113 348 3176 οί
378 3109 411 3174 ti
442 3116 569 3194 Μαρίου
597 3114 731 3192 δισχίλιοι
759 3108 813 3191 μὲν
840 3110 888 3174 ἐπὶ
915 3114 1094 3193 τρισμυρίοις
1122 3110 1180 3195 ἐχί-

167 3233 270 3289 νοντο,
298 3208 453 3292 περιέσχον
482 3209 515 3273 tt
543 3205 595 3272 τὸν
625 3203 742 3270 Κάτλον
770 3207 803 3270 ἐν
831 3208 909 3297 μίσρι
938 3208 1114 3291 νεμηθέντες
1137 3209 1179 3284 είς
1192 3230 1222 3272 ns

167 3302 304 3387 ἑκάτερον
321 3306 421 3389 κέρας,
440 3302 480 3382 ὧς
493 3301 625 3384 Σύλλας,
643 3300 846 3388 ἠχωνισμίνος
864 3307 981 3388 ἐκείνην
998 3303 1053 3386 τὴν
1072 3303 1180 3388 μάχην,

166 3405 295 3489 γέγραφε
314 3403 370 3484 [fr.
384 3404 429 3484 5].
466 3405 519 3468 ιιαί
534 3421 608 3483 φησι
626 3399 679 3467 τὸν
691 3401 819 3486 Μάριον
833 3405 991 3469 ἐλπίσαντα
1003 3409 1065 3479 τοῖς
1079 3401 1180 3487 άιιροις

166 3498 287 3584 μάλιστα
308 3497 451 3566 καὶκατὰ
469 3500 556 3583 κέρας
574 3509 733 3583 συμπεσεῖν
753 3499 805 3580 τὰς
822 3497 986 3587 φάλαγγας,
1005 3499 1085 3578 ὅπως
1104 3503 1180 3578 ἴδιος

166 3595 186 3681 ἡ
209 3602 277 3681 νίιιη
299 3605 359 3664 τῶν
382 3599 496 3662 ἐκείνου
516 3605 697 3679 στρατιωτῶν
714 3599 828 3685 γίνοιτο
846 3602 896 3666 aul
914 3599 955 3684 μὴ
974 3597 1108 3684 μετάσχοι
1126 3605 1180 3664 τοῦ
