2638 4056
453 235 683 293 FRAGMENTA
702 242 796 293 σ-ιο.
1070 237 1136 302 251

119 383 260 467 ἐπαρχίας
283 386 383 450 ἔδεισε.
418 384 468 448 καί
490 380 543 448 τδν
565 382 619 465 μέν
638 381 799 449 Ἀντάνιον
821 384 946 468 πέμπων
968 385 1010 461 είς
1032 387 1136 466 φιλίαν

118 479 328 563 προύκαλεῖτο,
350 480 402 559 τὰς
426 481 458 547 δὲ
481 478 624 600 δυνάμεις
646 487 681 567 τῇ
699 479 782 547 πόλει
800 480 974 565 περιστήσας
992 479 1135 548 ὑπατείαν

117 579 283 664 ἔλαβεν”
246 604 330 646 ουπω
353 575 435 645 πάνυ
459 576 611 698 μειράκιον
634 605 692 661 ων,
715 576 777 644 ἀλλ’
803 577 935 646 εἰκοστὸν
957 578 1040 665 άχων
1062 583 1135 660 ἔτος,

118 673 159 754 ὥς
182 674 271 755 αὑτδς
290 680 322 743 έν
339 685 401 754 τοῖς
423 673 615 760 ὑπομήμασιν
638 681 760 760 εἴρηκεν.

207 764 268 832 9*.
292 771 375 832 Suet.
393 771 471 846 Ανμ.
490 768 536 829 27
568 766 603 838 Q
622 769 748 831 Gallium
777 778 946 850 praetorem
973 772 1006 831 in
1033 770 1196 839 officio-
1153 759 1186 808 43

117 857 304 922 salutationis
327 858 449 922 tabellas
473 857 609 937 duplices
636 866 721 920 ueste
744 866 838 921 tectas
861 867 1013 922 tenentem
1037 862 1133 941 suspi·
1143 849 1193 899 ⁷¹¹

117 956 201 1010 catus
224 947 355 1028 gladium
379 947 517 1018 occulere
541 966 597 1009 nec
620 949 783 1028 quidquam
802 950 912 1030 statim,
935 966 973 1009 ne
992 947 1099 1010 aliud
1090 967 1134 1010 m-

116 1039 287 1119 ueniretur,
310 1055 402 1100 ausus
424 1039 587 1118 inquirere,
610 1036 697 1116 paulo
720 1045 789 1117 post
811 1056 867 1118 per
890 1039 1081 1099 centuriones
1105 1047 1135 1098 et

116 1126 226 1190 milites
255 1134 374 1207 raptum
402 1145 419 1188 e
446 1125 590 1188 tribunali
617 1125 758 1188 seruilem
785 1129 817 1188 in
845 1126 967 1188 modum
990 1127 1077 1187 torsit
1100 1145 1134 1188 ac

116 1214 259 1278 latentem
280 1216 357 1281 nihil
379 1217 467 1278 iussit
494 1214 604 1296 occidi,
631 1217 717 1296 prius
745 1215 840 1277 oculis
868 1218 933 1277 eius
963 1233 1016 1276 sua
1043 1227 1173 1276 mauu10

116 1305 240 1368 effossis.
278 1323 367 1385 quem
394 1311 494 1366 tamen
522 1304 629 1367 scribit
654 1303 813 1385 conloquio
841 1307 934 1384 petito
961 1303 1134 1366 insidiatum
1178 1323 1184 1334 ·

116 1391 174 1454 sibi
197 1395 426 1475 coniectumque
449 1413 465 1454 a
490 1411 522 1455 sc
545 1395 576 1454 in
600 1393 779 1476 custodiam,
803 1393 910 1456 deinde
939 1391 1014 1454 urhe
1042 1395 1134 1454 inter·
1169 1397 1171 1400 ’

117 1482 196 1544 dicta
229 1483 384 1544 dimissum
417 1483 571 1562 naufragio
603 1481 652 1545 uel
684 1482 833 1545 latronum
860 1483 978 1545 insidiis
1009 1484 1134 1562 perisse

116 1564 171 1654 (os.
190 1573 266 1650 App.
286 1575 313 1634 1.
332 1574 432 1634 c.III
446 1564 514 1653 95.)

207 1655 266 1724 10.
290 1662 369 1723 Prot
388 1663 456 1722 Aac.
476 1661 520 1722 22
554 1663 597 1743 Τή
620 1658 729 1743 μένγε
751 1659 877 1746 προτέρα
900 1657 979 1746 μάχῃ
1003 1658 1132 1739 [Ρίιιλχν-
1151 1673 1185 1722 42

110 1756 214 1836 μετιεῖ]
239 1751 395 1839 Καῖσαρ“
379 1753 438 1820 υπὸ
461 1751 597 1873 Βρομτου
620 1753 695 1818 κατὰ
716 1754 822 1839 κράτος
844 1752 981 1840 ήττήθεὶς
1003 1753 1193 1839 άπέβαλε712

113 1849 146 1916 τδ
167 1850 364 1934 στρατόπεδον
381 1852 433 1917 καλ
450 1847 556 1935 μικρὸν
574 1851 657 1969 ἔφθη
675 1850 744 1929 τοὺς
758 1850 954 1930 διάκεντας
939 1851 1133 1938 υπεκφυχάν,

114 1945 155 2026 ὦς
178 1948 272 2014 δέ’
235 1948 325 2027 αυτὸς
347 1951 380 2016 έν
402 1957 463 2026 τοῖς
486 1945 678 2031 ὑπομνήμασι
695 1949 839 2034 γέγραφε,
861 1955 921 2014 τοῖν
939 1953 1036 2032 φίλων
1052 1947 1133 2027 τινὸς

113 2047 188 2131 ὄναρ
212 2046 329 2125 ἰδόντος
352 2044 520 2131 άνεχάρησε
542 2043 600 2128 πρὸ
622 2052 676 2129 τής
698 2045 802 2130 μάχης.
817 2077 860 2100 =
874 2052 961 2112 Brut.
975 2050 1018 2111 41
1045 2053 1133 2112 Γενο-

114 2147 206 2230 μένης
228 2145 261 2210 δὲ
280 2143 322 2210 δι’
342 2143 465 2222 άταξίαν
482 2141 593 2226 ταύτην
610 2142 780 2227 τἰνωμαλίας
798 2147 849 2210 καὶ
866 2148 1055 2229 διασπασμοῦ
1073 2152 1132 2210 τῶν
1146 2167 1173 2209 ευ

112 2242 268 2330 ταγμάτων
289 2240 322 2310 τὸ
341 2240 488 2308 Μεσσάλα
506 2248 634 2326 πρῶτον,
651 2240 712 2308 είτα
729 2242 766 2308 τὰ
785 2245 999 2328 συνεζευγμένα
1020 2239 1132 2328 παρήλ-

114 2351 195 2408 λαττε
224 2341 258 2409 τὸ
290 2345 443 2424 Καίσαρος
479 2339 644 2426 σἰριστερόν·
680 2343 731 2406 καὶ
767 2344 878 2428 βραχέα
908 2349 968 2407 τῶν
1004 2339 1132 2425 ἐσχάτων

113 2438 251 2525 θιχόντες
276 2441 328 2505 καί
349 2437 563 2522 καταβαλόντες
587 2437 625 2506 οὑ
647 2437 776 2530 πολλοὺς
798 2438 861 2506 ἄλλ’
882 2435 1132 2525 ὑπερκεράσαντες

113 2540 308 2621 ἐμπίπτουσιν
330 2541 372 2615 είς
393 2535 426 2602 τὸ
449 2535 656 2621 στρατόπεδον.
687 2539 738 2602 καὶ
756 2546 874 2622 Καῖσαρ
897 2539 961 2621 μὲν,
980 2536 1021 2616 ὧς
1042 2536 1132 2616 αὑτδς

115 2635 150 2701 ἐν
171 2644 233 2713 τοῖς
261 2632 471 2718 ὑπομνήμασιν
503 2639 624 2721 ἱστορεῖ,
652 2642 712 2702 τῶν
743 2639 840 2719 φίλων
867 2634 948 2714 τινδς
971 2633 1130 2721 Ἀρτωρίου
1144 2655 1172 2696 25

112 2731 246 2816 Μάρκου
279 2730 351 2797 καθ’
385 2731 484 2798 ὑπνον
520 2732 637 2812 ίδόντος
673 2732 748 2816 ὄψιν
783 2732 963 2800 κελεύουσαν
995 2736 1133 2818 ἐκστῆναι

112 2834 251 2915 Καίσαρα
268 2832 319 2895 καί
337 2838 486 2913 μετελθεῖν
504 2833 538 2896 ἔκ
553 2838 606 2897 τοῦ
623 2829 766 2917 χάρακος,
785 2835 901 2914 ἔφθασε
919 2831 1024 2915 μικρὸν
1042 2830 1131 2898 ὑπεκ-

111 2930 268 3011 κομισθεὶς
285 2929 369 3005 ἔδοξέ
386 2953 416 2993 τε
433 2924 586 2994 τεθνάναι.
608 2928 641 2996 τδ
655 2928 716 3015 -χδιρ
735 2939 859 3017 φορεῖον
877 2928 966 2995 κενὸν
982 2927 1131 3008 άκοντίοις

111 3027 162 3090 καὶ
190 3023 292 3103 ὑσσοῖς
319 3024 476 3111 βάλλοντες
502 3025 657 3110 διήλασαν.
680 3059 723 3082 =
749 3035 826 3111 App.
855 3034 881 3093 1.
910 3049 937 3094 c.
961 3032 1036 3092 IIII
1059 3032 1130 3093 110.

108 3120 283 3207 Ἀρξάμενοι
306 3121 336 3187 δ’
362 3121 441 3201 ἅπαξ
463 3125 552 3208 ἔργον
577 3124 699 3208 [milites
716 3129 823 3208 Bruti]
846 3127 897 3191 καὶ
918 3132 958 3215 τῷ
978 3129 1129 3208 Καίσαρος
1143 3145 1170 3185 ³0

112 3227 225 3310 στρατῷ
252 3221 416 3308 τεταγμένῳ
443 3219 565 3304 μάλιστα
592 3221 667 3288 κατδι
693 3231 773 3306 σφᾶς
800 3225 967 3310 ἐπέδραμον
993 3225 1043 3288 καὶ
1070 3223 1130 3308 τρέ

111 3335 224 3400 ψαντες
247 3320 383 3400 έδίωκον,
406 3319 489 3403 μέχρι
510 3321 561 3384 καλ
582 3317 614 3386 τδ
635 3320 831 3403 στρατόπεδον
849 3324 970 3404 ἐξεῖλον,
988 3319 1005 3387 δ
1024 3319 1128 3387 κοινὸν

110 3407 153 3498 ήν
171 3413 319 3504 Ἀντωνίῳ
342 3441 372 3481 τε
393 3417 444 3481 καὶ
466 3421 606 3502 Καίσαρι,
629 3421 780 3502 Καίσαρος
802 3418 895 3486 αὑτοῦ
918 3419 958 3486 δι’
984 3420 1127 3486 ένάπνιον

111 3514 202 3580 ένδον
224 3511 281 3580 οὑκ
302 3513 398 3596 ὄντος,
420 3513 494 3581 ἀλλὰ
517 3517 727 3600 φυλαξαμένου
749 3515 804 3600 τήν
825 3514 954 3601 ἡμέραν,
978 3515 1018 3596 ὑς
1040 3517 1130 3596 αὑτὸς

113 3613 148 3678 έν
156 3622 218 3690 τοῖς
227 3609 437 3696 ὑπομνήμασιν
446 3616 585 3700 ἔγραψεν.
592 3611 646 3703 (cs.
652 3619 734 3681 Suet.
741 3618 868 3696 Λαμθί.
877 3619 1052 3682 Vestrae]
1056 3616 1128 3702 7,1.)
1143 3631 1169 3674 85
