<?xml version="1.0" encoding="UTF-8"?>
<!DOCTYPE html PUBLIC "-//W3C//DTD XHTML 1.0 Transitional//EN"
    "http://www.w3.org/TR/xhtml1/DTD/xhtml1-transitional.dtd">
<html xmlns="http://www.w3.org/1999/xhtml" xml:lang="en" lang="en">
 <head>
  <title>
</title>
<meta http-equiv="Content-Type" content="text/html;charset=utf-8" />
  <meta name='ocr-system' content='tesseract 3.04.00' />
  <meta name='ocr-capabilities' content='ocr_page ocr_carea ocr_par ocr_line ocrx_word'/>
</head>
<body>
  <div class='ocr_page' id='page_1' title='image "./historicorumrom02petegoog_0287.png"; bbox 0 0 2620 4054; ppageno 0'>
   <div class='ocr_carea' id='block_1_1' title="bbox 173 225 1048 294">
    <p class='ocr_par' dir='ltr' id='par_1_1' title="bbox 173 225 1048 294">
     <span class='ocr_line' id='line_1_1' title="bbox 173 225 1048 294; baseline -0.005 -10"><span class='ocrx_word' id='word_1_1' title='bbox 173 228 241 294; x_wconf 82' lang='grc'>260</span> <span class='ocrx_word' id='word_1_2' title='bbox 319 227 568 284; x_wconf 81' lang='lat' dir='ltr'>IMPERATORIS</span> <span class='ocrx_word' id='word_1_3' title='bbox 587 226 749 283; x_wconf 79' lang='lat' dir='ltr'>Avevsnl</span> <span class='ocrx_word' id='word_1_4' title='bbox 784 225 918 283; x_wconf 76' lang='lat' dir='ltr'>FRAGM.</span> <span class='ocrx_word' id='word_1_5' title='bbox 934 232 1048 283; x_wconf 78' lang='lat'>20-24.</span> 
     </span>
    </p>
   </div>
   <div class='ocr_carea' id='block_1_2' title="bbox 173 373 1298 1523">
    <p class='ocr_par' dir='ltr' id='par_1_2' title="bbox 173 373 1298 1523">
     <span class='ocr_line' id='line_1_2' title="bbox 174 373 1189 456; baseline -0.001 -17"><span class='ocrx_word' id='word_1_6' title='bbox 174 397 243 440; x_wconf 93' lang='lat' dir='ltr'>cum</span> <span class='ocrx_word' id='word_1_7' title='bbox 267 386 346 438; x_wconf 90' lang='lat' dir='ltr'>teres</span> <span class='ocrx_word' id='word_1_8' title='bbox 369 376 595 456; x_wconf 81' lang='lat' dir='ltr'>diligentissime</span> <span class='ocrx_word' id='word_1_9' title='bbox 619 384 653 436; x_wconf 93' lang='lat' dir='ltr'>nt</span> <span class='ocrx_word' id='word_1_10' title='bbox 675 375 752 436; x_wconf 91' lang='lat' dir='ltr'>bene</span> <span class='ocrx_word' id='word_1_11' title='bbox 779 375 845 437; x_wconf 90' lang='lat' dir='ltr'>leue</span> <span class='ocrx_word' id='word_1_12' title='bbox 869 377 921 455; x_wconf 90' lang='lat' dir='ltr'>sit,</span> <span class='ocrx_word' id='word_1_13' title='bbox 950 373 1057 436; x_wconf 89' lang='lat' dir='ltr'>deinde</span> <span class='ocrx_word' id='word_1_14' title='bbox 1086 376 1189 438; x_wconf 90' lang='lat' dir='ltr'>uinum</span> 
     </span>
     <span class='ocr_line' id='line_1_3' title="bbox 175 464 1189 544; baseline -0.001 -17"><span class='ocrx_word' id='word_1_15' title='bbox 175 465 352 528; x_wconf 90' lang='lat' dir='ltr'>admiscebis</span> <span class='ocrx_word' id='word_1_16' title='bbox 367 474 397 526; x_wconf 92' lang='lat' dir='ltr'>ct</span> <span class='ocrx_word' id='word_1_17' title='bbox 411 484 535 526; x_wconf 91' lang='lat' dir='ltr'>succum</span> <span class='ocrx_word' id='word_1_18' title='bbox 554 464 696 526; x_wconf 83' lang='lat' dir='ltr'>foeniculi</span> <span class='ocrx_word' id='word_1_19' title='bbox 711 483 765 544; x_wconf 94' lang='lat' dir='ltr'>per</span> <span class='ocrx_word' id='word_1_20' title='bbox 783 472 884 543; x_wconf 89' lang='lat' dir='ltr'>partes</span> <span class='ocrx_word' id='word_1_21' title='bbox 903 464 1041 525; x_wconf 91' lang='lat' dir='ltr'>dimidias</span> <span class='ocrx_word' id='word_1_22' title='bbox 1060 473 1090 525; x_wconf 92' lang='lat' dir='ltr'>ct</span> <span class='ocrx_word' id='word_1_23' title='bbox 1109 466 1189 544; x_wconf 88' lang='lat' dir='ltr'>quic-</span> 
     </span>
     <span class='ocr_line' id='line_1_4' title="bbox 174 553 1191 636; baseline -0.002 -20"><span class='ocrx_word' id='word_1_24' title='bbox 174 555 246 636; x_wconf 89' lang='lat' dir='ltr'>quid</span> <span class='ocrx_word' id='word_1_25' title='bbox 268 556 471 634; x_wconf 90' lang='lat' dir='ltr'>superauerit,</span> <span class='ocrx_word' id='word_1_26' title='bbox 498 557 617 615; x_wconf 76' lang='lat' dir='ltr'>iterum·</span> <span class='ocrx_word' id='word_1_27' title='bbox 632 554 753 635; x_wconf 87' lang='lat' dir='ltr'>lundcs;</span> <span class='ocrx_word' id='word_1_28' title='bbox 781 571 850 614; x_wconf 93' lang='lat' dir='ltr'>cum</span> <span class='ocrx_word' id='word_1_29' title='bbox 873 555 914 614; x_wconf 89' lang='lat' dir='ltr'>ita</span> <span class='ocrx_word' id='word_1_30' title='bbox 937 553 1058 633; x_wconf 86' lang='lat' dir='ltr'>leceris,</span> <span class='ocrx_word' id='word_1_31' title='bbox 1080 555 1191 614; x_wconf 90' lang='lat' dir='ltr'>iterum</span> 
     </span>
     <span class='ocr_line' id='line_1_5' title="bbox 173 642 1189 724; baseline -0.001 -20"><span class='ocrx_word' id='word_1_32' title='bbox 173 652 254 705; x_wconf 90' lang='lat' dir='ltr'>teres</span> <span class='ocrx_word' id='word_1_33' title='bbox 281 642 372 724; x_wconf 84' lang='lat' dir='ltr'>bene,</span> <span class='ocrx_word' id='word_1_34' title='bbox 404 643 511 704; x_wconf 88' lang='lat' dir='ltr'>deinde</span> <span class='ocrx_word' id='word_1_35' title='bbox 544 645 569 704; x_wconf 89' lang='lat' dir='ltr'>si</span> <span class='ocrx_word' id='word_1_36' title='bbox 598 643 669 723; x_wconf 89' lang='lat' dir='ltr'>quid</span> <span class='ocrx_word' id='word_1_37' title='bbox 697 644 762 703; x_wconf 93' lang='lat' dir='ltr'>uini</span> <span class='ocrx_word' id='word_1_38' title='bbox 794 650 846 703; x_wconf 89' lang='lat' dir='ltr'>aut</span> <span class='ocrx_word' id='word_1_39' title='bbox 878 644 960 703; x_wconf 91' lang='lat' dir='ltr'>succi</span> <span class='ocrx_word' id='word_1_40' title='bbox 994 645 1189 723; x_wconf 86' lang='lat' dir='ltr'>superauerit,</span> 
     </span>
     <span class='ocr_line' id='line_1_6' title="bbox 174 732 1298 813; baseline 0.002 -21"><span class='ocrx_word' id='word_1_41' title='bbox 174 732 285 793; x_wconf 81' lang='lat' dir='ltr'>adicies</span> <span class='ocrx_word' id='word_1_42' title='bbox 308 740 339 792; x_wconf 93' lang='lat' dir='ltr'>ct</span> <span class='ocrx_word' id='word_1_43' title='bbox 361 740 443 792; x_wconf 91' lang='lat' dir='ltr'>teres</span> <span class='ocrx_word' id='word_1_44' title='bbox 466 732 647 813; x_wconf 85' lang='lat' dir='ltr'>diutissime,</span> <span class='ocrx_word' id='word_1_45' title='bbox 670 750 798 811; x_wconf 83' lang='lat' dir='ltr'>cumque</span> <span class='ocrx_word' id='word_1_46' title='bbox 821 739 918 792; x_wconf 92' lang='lat' dir='ltr'>totum</span> <span class='ocrx_word' id='word_1_47' title='bbox 940 732 1217 794; x_wconf 70' lang='lat' dir='ltr'>medicamentum</span> <span class='ocrx_word' id='word_1_48' title='bbox 1297 777 1298 802; x_wconf 46' lang='lat'>2</span> 
     </span>
     <span class='ocr_line' id='line_1_7' title="bbox 174 820 1190 901; baseline -0.001 -20"><span class='ocrx_word' id='word_1_49' title='bbox 174 823 278 882; x_wconf 90' lang='lat' dir='ltr'>tritum</span> <span class='ocrx_word' id='word_1_50' title='bbox 302 829 332 881; x_wconf 91' lang='lat' dir='ltr'>et</span> <span class='ocrx_word' id='word_1_51' title='bbox 354 821 517 900; x_wconf 88' lang='lat' dir='ltr'>lenigatum</span> <span class='ocrx_word' id='word_1_52' title='bbox 540 821 640 901; x_wconf 88' lang='lat' dir='ltr'>luerit,</span> <span class='ocrx_word' id='word_1_53' title='bbox 658 829 692 883; x_wconf 90' lang='lat' dir='ltr'>ut</span> <span class='ocrx_word' id='word_1_54' title='bbox 714 820 879 900; x_wconf 80' lang='lat' dir='ltr'>collyrium,</span> <span class='ocrx_word' id='word_1_55' title='bbox 898 829 1017 899; x_wconf 90' lang='lat' dir='ltr'>oportet</span> <span class='ocrx_word' id='word_1_56' title='bbox 1035 822 1190 900; x_wconf 81' lang='lat' dir='ltr'>transponi</span> 
     </span>
     <span class='ocr_line' id='line_1_8' title="bbox 174 908 1189 990; baseline 0 -20"><span class='ocrx_word' id='word_1_57' title='bbox 174 909 246 970; x_wconf 92' lang='lat' dir='ltr'>illud</span> <span class='ocrx_word' id='word_1_58' title='bbox 279 912 311 969; x_wconf 95' lang='lat' dir='ltr'>in</span> <span class='ocrx_word' id='word_1_59' title='bbox 334 909 442 988; x_wconf 81' lang='lat' dir='ltr'>pyxide</span> <span class='ocrx_word' id='word_1_60' title='bbox 469 908 597 990; x_wconf 78' lang='lat' dir='ltr'>Cyprina</span> <span class='ocrx_word' id='word_1_61' title='bbox 628 918 658 970; x_wconf 88' lang='lat' dir='ltr'>ct</span> <span class='ocrx_word' id='word_1_62' title='bbox 687 911 852 988; x_wconf 90' lang='lat' dir='ltr'>repositum</span> <span class='ocrx_word' id='word_1_63' title='bbox 880 909 1024 970; x_wconf 91' lang='lat' dir='ltr'>seruabis.</span> <span class='ocrx_word' id='word_1_64' title='bbox 1062 928 1189 988; x_wconf 88' lang='lat' dir='ltr'>cumque</span> 
     </span>
     <span class='ocr_line' id='line_1_9' title="bbox 173 997 1189 1078; baseline -0.001 -19"><span class='ocrx_word' id='word_1_65' title='bbox 173 997 307 1059; x_wconf 90' lang='lat' dir='ltr'>uolueris</span> <span class='ocrx_word' id='word_1_66' title='bbox 329 1000 383 1078; x_wconf 87' lang='lat' dir='ltr'>uti,</span> <span class='ocrx_word' id='word_1_67' title='bbox 407 1017 444 1058; x_wconf 89' lang='lat' dir='ltr'>cx</span> <span class='ocrx_word' id='word_1_68' title='bbox 467 1017 503 1059; x_wconf 89' lang='lat' dir='ltr'>eo</span> <span class='ocrx_word' id='word_1_69' title='bbox 526 1017 621 1077; x_wconf 89' lang='lat' dir='ltr'>unges</span> <span class='ocrx_word' id='word_1_70' title='bbox 645 1007 675 1059; x_wconf 90' lang='lat' dir='ltr'>ct</span> <span class='ocrx_word' id='word_1_71' title='bbox 698 999 835 1072; x_wconf 90' lang='lat' dir='ltr'>inuenies</span> <span class='ocrx_word' id='word_1_72' title='bbox 859 1016 925 1059; x_wconf 91' lang='lat' dir='ltr'>csse</span> <span class='ocrx_word' id='word_1_73' title='bbox 948 1000 1189 1078; x_wconf 88' lang='lat' dir='ltr'>potentissimum</span> 
     </span>
     <span class='ocr_line' id='line_1_10' title="bbox 175 1085 1190 1166; baseline 0 -19"><span class='ocrx_word' id='word_1_74' title='bbox 175 1087 353 1162; x_wconf 89' lang='lat' dir='ltr'>remedium,</span> <span class='ocrx_word' id='word_1_75' title='bbox 385 1104 445 1166; x_wconf 81' lang='lat' dir='ltr'>quo</span> <span class='ocrx_word' id='word_1_76' title='bbox 477 1087 564 1148; x_wconf 90' lang='lat' dir='ltr'>multi</span> <span class='ocrx_word' id='word_1_77' title='bbox 591 1087 754 1148; x_wconf 88' lang='lat' dir='ltr'>luminibus</span> <span class='ocrx_word' id='word_1_78' title='bbox 783 1085 820 1149; x_wconf 91' lang='lat' dir='ltr'>de</span> <span class='ocrx_word' id='word_1_79' title='bbox 847 1087 1030 1148; x_wconf 85' lang='lat' dir='ltr'>obscuritate</span> <span class='ocrx_word' id='word_1_80' title='bbox 1058 1088 1190 1148; x_wconf 89' lang='lat' dir='ltr'>restituti</span> 
     </span>
     <span class='ocr_line' id='line_1_11' title="bbox 175 1175 1233 1256; baseline 0.001 -19"><span class='ocrx_word' id='word_1_81' title='bbox 175 1184 253 1237; x_wconf 90' lang='lat' dir='ltr'>sunt.</span> <span class='ocrx_word' id='word_1_82' title='bbox 289 1175 369 1236; x_wconf 89' lang='lat' dir='ltr'>llaec</span> <span class='ocrx_word' id='word_1_83' title='bbox 392 1178 568 1255; x_wconf 90' lang='lat' dir='ltr'>compositio</span> <span class='ocrx_word' id='word_1_84' title='bbox 597 1195 634 1236; x_wconf 92' lang='lat' dir='ltr'>cx</span> <span class='ocrx_word' id='word_1_85' title='bbox 657 1178 878 1237; x_wconf 90' lang='lat' dir='ltr'>commentariis</span> <span class='ocrx_word' id='word_1_86' title='bbox 901 1175 1036 1237; x_wconf 82' lang='lat' dir='ltr'>Caesaris</span> <span class='ocrx_word' id='word_1_87' title='bbox 1065 1177 1192 1256; x_wconf 80' lang='lat' dir='ltr'>Augusti</span> <span class='ocrx_word' id='word_1_88' title='bbox 1207 1199 1233 1238; x_wconf 83' lang='grc' dir='ltr'>ιο</span> 
     </span>
     <span class='ocr_line' id='line_1_12' title="bbox 175 1265 1190 1346; baseline 0 -20"><span class='ocrx_word' id='word_1_89' title='bbox 175 1266 324 1345; x_wconf 90' lang='lat' dir='ltr'>descripta</span> <span class='ocrx_word' id='word_1_90' title='bbox 357 1273 416 1346; x_wconf 87' lang='lat' dir='ltr'>est,</span> <span class='ocrx_word' id='word_1_91' title='bbox 449 1284 508 1345; x_wconf 89' lang='lat' dir='ltr'>qua</span> <span class='ocrx_word' id='word_1_92' title='bbox 535 1273 565 1327; x_wconf 90' lang='lat' dir='ltr'>et</span> <span class='ocrx_word' id='word_1_93' title='bbox 592 1265 789 1326; x_wconf 87' lang='lat' dir='ltr'>libentissime</span> <span class='ocrx_word' id='word_1_94' title='bbox 822 1265 962 1326; x_wconf 89' lang='lat' dir='ltr'>utebatur</span> <span class='ocrx_word' id='word_1_95' title='bbox 994 1273 1024 1326; x_wconf 92' lang='lat' dir='ltr'>et</span> <span class='ocrx_word' id='word_1_96' title='bbox 1052 1265 1190 1326; x_wconf 89' lang='lat' dir='ltr'>omnibus</span> 
     </span>
     <span class='ocr_line' id='line_1_13' title="bbox 174 1353 1190 1436; baseline 0 -22"><span class='ocrx_word' id='word_1_97' title='bbox 174 1353 255 1414; x_wconf 90' lang='lat' dir='ltr'>illam</span> <span class='ocrx_word' id='word_1_98' title='bbox 277 1353 423 1416; x_wconf 91' lang='lat' dir='ltr'>laudabat.</span> <span class='ocrx_word' id='word_1_99' title='bbox 461 1353 493 1414; x_wconf 87' lang='lat' dir='ltr'>Si</span> <span class='ocrx_word' id='word_1_100' title='bbox 516 1357 566 1415; x_wconf 92' lang='lat' dir='ltr'>cui</span> <span class='ocrx_word' id='word_1_101' title='bbox 589 1361 687 1415; x_wconf 91' lang='lat' dir='ltr'>autem</span> <span class='ocrx_word' id='word_1_102' title='bbox 712 1356 810 1415; x_wconf 90' lang='lat' dir='ltr'>acrior</span> <span class='ocrx_word' id='word_1_103' title='bbox 833 1373 899 1415; x_wconf 89' lang='lat' dir='ltr'>csse</span> <span class='ocrx_word' id='word_1_104' title='bbox 927 1354 1080 1436; x_wconf 84' lang='lat' dir='ltr'>uideatur,</span> <span class='ocrx_word' id='word_1_105' title='bbox 1103 1353 1190 1433; x_wconf 76' lang='lat' dir='ltr'>colly-</span> 
     </span>
     <span class='ocr_line' id='line_1_14' title="bbox 175 1443 825 1523; baseline 0.002 -20"><span class='ocrx_word' id='word_1_106' title='bbox 175 1445 254 1504; x_wconf 90' lang='lat' dir='ltr'>rium</span> <span class='ocrx_word' id='word_1_107' title='bbox 276 1443 343 1505; x_wconf 89' lang='lat' dir='ltr'>lene</span> <span class='ocrx_word' id='word_1_108' title='bbox 365 1443 536 1523; x_wconf 88' lang='lat' dir='ltr'>admisceat,</span> <span class='ocrx_word' id='word_1_109' title='bbox 560 1451 590 1504; x_wconf 90' lang='lat' dir='ltr'>et</span> <span class='ocrx_word' id='word_1_110' title='bbox 613 1461 673 1504; x_wconf 92' lang='lat' dir='ltr'>non</span> <span class='ocrx_word' id='word_1_111' title='bbox 696 1443 825 1504; x_wconf 88' lang='lat' dir='ltr'>nocebit.</span> 
     </span>
    </p>
   </div>
   <div class='ocr_carea' id='block_1_3' title="bbox 176 1535 1234 2046">
    <p class='ocr_par' dir='ltr' id='par_1_3' title="bbox 176 1535 1234 2046">
     <span class='ocr_line' id='line_1_15' title="bbox 266 1535 1192 1618; baseline 0.001 -17"><span class='ocrx_word' id='word_1_112' title='bbox 266 1535 350 1604; x_wconf 67' lang='lat'><strong>20²⁸.</strong></span> <span class='ocrx_word' id='word_1_113' title='bbox 374 1542 457 1602; x_wconf 85' lang='lat' dir='ltr'>Suet.</span> <span class='ocrx_word' id='word_1_114' title='bbox 475 1541 553 1617; x_wconf 72' lang='lat' dir='ltr'>Aug.</span> <span class='ocrx_word' id='word_1_115' title='bbox 575 1541 621 1600; x_wconf 72' lang='lat'>71</span> <span class='ocrx_word' id='word_1_116' title='bbox 648 1540 782 1602; x_wconf 89' lang='lat' dir='ltr'>Valerius</span> <span class='ocrx_word' id='word_1_117' title='bbox 805 1540 939 1602; x_wconf 86' lang='lat' dir='ltr'>Messalla</span> <span class='ocrx_word' id='word_1_118' title='bbox 965 1539 1022 1617; x_wconf 88' lang='lat' dir='ltr'>[fr.</span> <span class='ocrx_word' id='word_1_119' title='bbox 1041 1539 1077 1618; x_wconf 88' lang='lat'>5]</span> <span class='ocrx_word' id='word_1_120' title='bbox 1101 1539 1192 1602; x_wconf 91' lang='lat' dir='ltr'>tradit</span> 
     </span>
     <span class='ocr_line' id='line_1_16' title="bbox 176 1627 1234 1709; baseline 0.002 -19"><span class='ocrx_word' id='word_1_121' title='bbox 176 1632 324 1690; x_wconf 88' lang='lat' dir='ltr'>neminem</span> <span class='ocrx_word' id='word_1_122' title='bbox 358 1647 497 1709; x_wconf 86' lang='lat' dir='ltr'>nmquam</span> <span class='ocrx_word' id='word_1_123' title='bbox 530 1627 739 1690; x_wconf 92' lang='lat' dir='ltr'>libertinorum</span> <span class='ocrx_word' id='word_1_124' title='bbox 772 1629 938 1690; x_wconf 92' lang='lat' dir='ltr'>adhibitum</span> <span class='ocrx_word' id='word_1_125' title='bbox 966 1628 1002 1689; x_wconf 91' lang='lat' dir='ltr'>ab</span> <span class='ocrx_word' id='word_1_126' title='bbox 1033 1647 1067 1689; x_wconf 89' lang='lat' dir='ltr'>eo</span> <span class='ocrx_word' id='word_1_127' title='bbox 1099 1647 1191 1690; x_wconf 90' lang='lat' dir='ltr'>cenae</span> <span class='ocrx_word' id='word_1_128' title='bbox 1208 1651 1234 1692; x_wconf 86' lang='lat'>15</span> 
     </span>
     <span class='ocr_line' id='line_1_17' title="bbox 177 1718 1193 1798; baseline -0.001 -19"><span class='ocrx_word' id='word_1_129' title='bbox 177 1727 301 1798; x_wconf 89' lang='lat' dir='ltr'>excepto</span> <span class='ocrx_word' id='word_1_130' title='bbox 333 1718 432 1798; x_wconf 85' lang='lat' dir='ltr'>blena,</span> <span class='ocrx_word' id='word_1_131' title='bbox 470 1719 522 1780; x_wconf 91' lang='lat' dir='ltr'>scd</span> <span class='ocrx_word' id='word_1_132' title='bbox 559 1727 674 1780; x_wconf 88' lang='lat' dir='ltr'>asserto</span> <span class='ocrx_word' id='word_1_133' title='bbox 710 1720 742 1778; x_wconf 93' lang='lat' dir='ltr'>in</span> <span class='ocrx_word' id='word_1_134' title='bbox 779 1719 993 1796; x_wconf 80' lang='lat' dir='ltr'>ingenuitatem</span> <span class='ocrx_word' id='word_1_135' title='bbox 1025 1725 1094 1798; x_wconf 89' lang='lat' dir='ltr'>post</span> <span class='ocrx_word' id='word_1_136' title='bbox 1125 1735 1193 1796; x_wconf 92' lang='lat' dir='ltr'>pro·</span> 
     </span>
     <span class='ocr_line' id='line_1_18' title="bbox 176 1805 1194 1888; baseline -0.002 -20"><span class='ocrx_word' id='word_1_137' title='bbox 176 1808 267 1868; x_wconf 92' lang='lat' dir='ltr'>ditam</span> <span class='ocrx_word' id='word_1_138' title='bbox 291 1806 320 1868; x_wconf 92' lang='lat' dir='ltr'>S.</span> <span class='ocrx_word' id='word_1_139' title='bbox 343 1806 466 1886; x_wconf 90' lang='lat' dir='ltr'>Pompei</span> <span class='ocrx_word' id='word_1_140' title='bbox 489 1807 622 1868; x_wconf 88' lang='lat' dir='ltr'>classem.</span> <span class='ocrx_word' id='word_1_141' title='bbox 651 1810 716 1888; x_wconf 89' lang='lat' dir='ltr'>ipse</span> <span class='ocrx_word' id='word_1_142' title='bbox 739 1805 844 1868; x_wconf 91' lang='lat' dir='ltr'>scribit</span> <span class='ocrx_word' id='word_1_143' title='bbox 871 1808 1015 1868; x_wconf 88' lang='lat' dir='ltr'>inuitasse</span> <span class='ocrx_word' id='word_1_144' title='bbox 1045 1825 1076 1867; x_wconf 93' lang='lat' dir='ltr'>se</span> <span class='ocrx_word' id='word_1_145' title='bbox 1101 1823 1194 1886; x_wconf 88' lang='lat' dir='ltr'>quen·</span> 
     </span>
     <span class='ocr_line' id='line_1_19' title="bbox 177 1893 1194 1976; baseline -0.001 -19"><span class='ocrx_word' id='word_1_146' title='bbox 177 1897 257 1976; x_wconf 87' lang='lat' dir='ltr'>dam,</span> <span class='ocrx_word' id='word_1_147' title='bbox 289 1898 320 1957; x_wconf 97' lang='lat' dir='ltr'>in</span> <span class='ocrx_word' id='word_1_148' title='bbox 352 1898 439 1957; x_wconf 91' lang='lat' dir='ltr'>ouius</span> <span class='ocrx_word' id='word_1_149' title='bbox 470 1895 542 1958; x_wconf 93' lang='lat' dir='ltr'>uilla</span> <span class='ocrx_word' id='word_1_150' title='bbox 569 1904 716 1976; x_wconf 89' lang='lat' dir='ltr'>maneret,</span> <span class='ocrx_word' id='word_1_151' title='bbox 745 1898 797 1974; x_wconf 90' lang='lat' dir='ltr'>qni</span> <span class='ocrx_word' id='word_1_152' title='bbox 826 1893 996 1974; x_wconf 88' lang='lat' dir='ltr'>speculator</span> <span class='ocrx_word' id='word_1_153' title='bbox 1023 1914 1096 1956; x_wconf 91' lang='lat' dir='ltr'>suus</span> <span class='ocrx_word' id='word_1_154' title='bbox 1124 1895 1194 1956; x_wconf 93' lang='lat' dir='ltr'>olim</span> 
     </span>
     <span class='ocr_line' id='line_1_20' title="bbox 177 1985 543 2046; baseline -0.003 -2"><span class='ocrx_word' id='word_1_155' title='bbox 177 1985 292 2046; x_wconf 87' lang='lat' dir='ltr'>luisset.</span> <span class='ocrx_word' id='word_1_156' title='bbox 539 1989 543 1996; x_wconf 90' lang='lat'>&#39;</span> 
     </span>
    </p>
   </div>
   <div class='ocr_carea' id='block_1_4' title="bbox 178 2076 1239 2343">
    <p class='ocr_par' dir='ltr' id='par_1_4' title="bbox 178 2076 1239 2343">
     <span class='ocr_line' id='line_1_21' title="bbox 195 2076 1239 2161; baseline 0.001 -17"><span class='ocrx_word' id='word_1_157' title='bbox 195 2127 199 2144; x_wconf 89' lang='lat'>.</span> <span class='ocrx_word' id='word_1_158' title='bbox 266 2076 351 2144; x_wconf 67' lang='lat'><strong>21²⁸.</strong></span> <span class='ocrx_word' id='word_1_159' title='bbox 367 2083 444 2144; x_wconf 79' lang='lat' dir='ltr'>Plio.</span> <span class='ocrx_word' id='word_1_160' title='bbox 459 2102 488 2144; x_wconf 83' lang='lat' dir='ltr'>n.</span> <span class='ocrx_word' id='word_1_161' title='bbox 503 2085 531 2144; x_wconf 85' lang='lat' dir='ltr'>b.</span> <span class='ocrx_word' id='word_1_162' title='bbox 547 2083 640 2143; x_wconf 74' lang='lat'>1124</span> <span class='ocrx_word' id='word_1_163' title='bbox 658 2081 750 2142; x_wconf 85' lang='lat' dir='ltr'>llinos</span> <span class='ocrx_word' id='word_1_164' title='bbox 764 2082 917 2160; x_wconf 89' lang='lat' dir='ltr'>Augustus</span> <span class='ocrx_word' id='word_1_165' title='bbox 931 2081 1064 2161; x_wconf 92' lang='lat' dir='ltr'>prodidit</span> <span class='ocrx_word' id='word_1_166' title='bbox 1078 2079 1194 2143; x_wconf 88' lang='lat' dir='ltr'>lacuom</span> <span class='ocrx_word' id='word_1_167' title='bbox 1210 2105 1239 2145; x_wconf 86' lang='lat' dir='ltr'>so</span> 
     </span>
     <span class='ocr_line' id='line_1_22' title="bbox 178 2169 1194 2252; baseline -0.001 -20"><span class='ocrx_word' id='word_1_168' title='bbox 178 2171 236 2232; x_wconf 94' lang='lat' dir='ltr'>sibi</span> <span class='ocrx_word' id='word_1_169' title='bbox 254 2170 388 2233; x_wconf 88' lang='lat' dir='ltr'>calceum</span> <span class='ocrx_word' id='word_1_170' title='bbox 406 2179 598 2252; x_wconf 88' lang='lat' dir='ltr'>praepostere</span> <span class='ocrx_word' id='word_1_171' title='bbox 618 2171 783 2252; x_wconf 86' lang='lat' dir='ltr'>inductum,</span> <span class='ocrx_word' id='word_1_172' title='bbox 803 2171 930 2250; x_wconf 89' lang='lat' dir='ltr'>quodie</span> <span class='ocrx_word' id='word_1_173' title='bbox 950 2172 1095 2232; x_wconf 90' lang='lat' dir='ltr'>seditione</span> <span class='ocrx_word' id='word_1_174' title='bbox 1119 2169 1194 2231; x_wconf 94' lang='lat' dir='ltr'>mili·</span> 
     </span>
     <span class='ocr_line' id='line_1_23' title="bbox 178 2252 951 2343; baseline 0 -23"><span class='ocrx_word' id='word_1_175' title='bbox 178 2262 236 2321; x_wconf 91' lang='lat' dir='ltr'>tari</span> <span class='ocrx_word' id='word_1_176' title='bbox 258 2278 352 2340; x_wconf 91' lang='lat' dir='ltr'>prope</span> <span class='ocrx_word' id='word_1_177' title='bbox 375 2261 504 2322; x_wconf 90' lang='lat' dir='ltr'>alilictus</span> <span class='ocrx_word' id='word_1_178' title='bbox 527 2267 581 2320; x_wconf 92' lang='lat' dir='ltr'>est.</span> <span class='ocrx_word' id='word_1_179' title='bbox 614 2252 669 2342; x_wconf 87' lang='lat' dir='ltr'>(cs.</span> <span class='ocrx_word' id='word_1_180' title='bbox 689 2261 771 2322; x_wconf 83' lang='lat' dir='ltr'>Suet.</span> <span class='ocrx_word' id='word_1_181' title='bbox 790 2263 867 2336; x_wconf 76' lang='lat' dir='ltr'>Aug.</span> <span class='ocrx_word' id='word_1_182' title='bbox 884 2253 951 2343; x_wconf 85' lang='lat'><strong>92.)</strong></span> 
     </span>
    </p>
   </div>
   <div class='ocr_carea' id='block_1_5' title="bbox 117 2353 1298 3674">
    <p class='ocr_par' dir='ltr' id='par_1_5' title="bbox 117 2353 1298 3674">
     <span class='ocr_line' id='line_1_24' title="bbox 117 2353 1195 2442; baseline -0.003 -22"><span class='ocrx_word' id='word_1_183' title='bbox 117 2365 171 2442; x_wconf 47' lang='lat'>§2-</span> <span class='ocrx_word' id='word_1_184' title='bbox 269 2353 369 2436; x_wconf 65' lang='lat'><strong>[22²³.</strong></span> <span class='ocrx_word' id='word_1_185' title='bbox 392 2360 474 2420; x_wconf 82' lang='lat' dir='ltr'>Suet.</span> <span class='ocrx_word' id='word_1_186' title='bbox 493 2361 576 2420; x_wconf 80' lang='lat' dir='ltr'>Caes.</span> <span class='ocrx_word' id='word_1_187' title='bbox 587 2358 635 2416; x_wconf 84' lang='lat'>-55</span> <span class='ocrx_word' id='word_1_188' title='bbox 658 2355 815 2418; x_wconf 86' lang='lat' dir='ltr'>Orationes</span> <span class='ocrx_word' id='word_1_189' title='bbox 829 2357 943 2436; x_wconf 90' lang='lat' dir='ltr'>aliquas</span> <span class='ocrx_word' id='word_1_190' title='bbox 961 2356 1083 2436; x_wconf 88' lang='lat' dir='ltr'>reliquit</span> <span class='ocrx_word' id='word_1_191' title='bbox 1104 2353 1195 2432; x_wconf 80' lang='lat' dir='ltr'>[an-</span> 
     </span>
     <span class='ocr_line' id='line_1_25' title="bbox 118 2439 1196 2528; baseline 0.002 -26"><span class='ocrx_word' id='word_1_192' title='bbox 118 2445 263 2528; x_wconf 55' lang='lat' dir='ltr'>detecti,</span> <span class='ocrx_word' id='word_1_193' title='bbox 291 2449 370 2508; x_wconf 91' lang='lat' dir='ltr'>inter</span> <span class='ocrx_word' id='word_1_194' title='bbox 393 2465 467 2527; x_wconf 87' lang='lat' dir='ltr'>quas</span> <span class='ocrx_word' id='word_1_195' title='bbox 495 2454 606 2507; x_wconf 90' lang='lat' dir='ltr'>temere</span> <span class='ocrx_word' id='word_1_196' title='bbox 635 2446 779 2525; x_wconf 89' lang='lat' dir='ltr'>quaedam</span> <span class='ocrx_word' id='word_1_197' title='bbox 802 2446 948 2506; x_wconf 83' lang='lat' dir='ltr'>feruutur.</span> <span class='ocrx_word' id='word_1_198' title='bbox 986 2439 1060 2505; x_wconf 74' lang='lat' dir='ltr'>‘Pro</span> <span class='ocrx_word' id='word_1_199' title='bbox 1084 2443 1196 2516; x_wconf 86' lang='lat' dir='ltr'>Quinto</span> 
     </span>
     <span class='ocr_line' id='line_1_26' title="bbox 180 2531 1241 2612; baseline 0.001 -15"><span class='ocrx_word' id='word_1_200' title='bbox 180 2531 330 2597; x_wconf 86' lang='lat' dir='ltr'>Marcello&#39;</span> <span class='ocrx_word' id='word_1_201' title='bbox 345 2554 404 2597; x_wconf 93' lang='lat' dir='ltr'>non</span> <span class='ocrx_word' id='word_1_202' title='bbox 419 2537 567 2596; x_wconf 91' lang='lat' dir='ltr'>immerito</span> <span class='ocrx_word' id='word_1_203' title='bbox 577 2535 729 2612; x_wconf 88' lang='lat' dir='ltr'>Angustus</span> <span class='ocrx_word' id='word_1_204' title='bbox 744 2537 893 2596; x_wconf 88' lang='lat' dir='ltr'>existimat</span> <span class='ocrx_word' id='word_1_205' title='bbox 907 2535 1000 2612; x_wconf 91' lang='lat' dir='ltr'>magis</span> <span class='ocrx_word' id='word_1_206' title='bbox 1015 2533 1051 2594; x_wconf 91' lang='lat' dir='ltr'>ab</span> <span class='ocrx_word' id='word_1_207' title='bbox 1066 2535 1196 2594; x_wconf 90' lang='lat' dir='ltr'>actuaris</span> <span class='ocrx_word' id='word_1_208' title='bbox 1212 2557 1241 2598; x_wconf 82' lang='lat' dir='ltr'>ss</span> 
     </span>
     <span class='ocr_line' id='line_1_27' title="bbox 182 2621 1197 2706; baseline -0.006 -20"><span class='ocrx_word' id='word_1_209' title='bbox 182 2633 335 2706; x_wconf 79' lang='lat' dir='ltr'>exceptam</span> <span class='ocrx_word' id='word_1_210' title='bbox 363 2624 439 2685; x_wconf 91' lang='lat' dir='ltr'>male</span> <span class='ocrx_word' id='word_1_211' title='bbox 474 2623 726 2703; x_wconf 89' lang='lat' dir='ltr'>subsequentibus</span> <span class='ocrx_word' id='word_1_212' title='bbox 754 2623 846 2686; x_wconf 92' lang='lat' dir='ltr'>uerba</span> <span class='ocrx_word' id='word_1_213' title='bbox 875 2623 1014 2703; x_wconf 85' lang='lat' dir='ltr'>dicentis,</span> <span class='ocrx_word' id='word_1_214' title='bbox 1043 2640 1131 2700; x_wconf 90' lang='lat' dir='ltr'>quam</span> <span class='ocrx_word' id='word_1_215' title='bbox 1159 2621 1197 2681; x_wconf 93' lang='lat' dir='ltr'>ab</span> 
     </span>
     <span class='ocr_line' id='line_1_28' title="bbox 181 2703 1197 2794; baseline -0.006 -20"><span class='ocrx_word' id='word_1_216' title='bbox 181 2717 246 2794; x_wconf 92' lang='lat' dir='ltr'>ipso</span> <span class='ocrx_word' id='word_1_217' title='bbox 270 2715 388 2776; x_wconf 91' lang='lat' dir='ltr'>editam.</span> <span class='ocrx_word' id='word_1_218' title='bbox 406 2745 443 2754; x_wconf 93' lang='lat'>—-</span> <span class='ocrx_word' id='word_1_219' title='bbox 462 2707 546 2774; x_wconf 65' lang='lat'><strong>23³2.</strong></span> <span class='ocrx_word' id='word_1_220' title='bbox 570 2709 666 2792; x_wconf 78' lang='lat' dir='ltr'>‘Apud</span> <span class='ocrx_word' id='word_1_221' title='bbox 690 2708 811 2773; x_wconf 87' lang='lat' dir='ltr'>milites&#39;</span> <span class='ocrx_word' id='word_1_222' title='bbox 832 2729 950 2791; x_wconf 87' lang='lat' dir='ltr'>qnoque</span> <span class='ocrx_word' id='word_1_223' title='bbox 973 2706 1019 2770; x_wconf 72' lang='lat' dir='ltr'>‘in</span> <span class='ocrx_word' id='word_1_224' title='bbox 1038 2703 1197 2787; x_wconf 90' lang='lat' dir='ltr'>llispania&#39;</span> 
     </span>
     <span class='ocr_line' id='line_1_29' title="bbox 119 2795 1198 2888; baseline -0.007 -23"><span class='ocrx_word' id='word_1_225' title='bbox 119 2811 172 2888; x_wconf 58' lang='lat' dir='ltr'>Ab</span> <span class='ocrx_word' id='word_1_226' title='bbox 182 2803 261 2865; x_wconf 92' lang='lat' dir='ltr'>idem</span> <span class='ocrx_word' id='word_1_227' title='bbox 284 2803 437 2881; x_wconf 91' lang='lat' dir='ltr'>Angustus</span> <span class='ocrx_word' id='word_1_228' title='bbox 455 2803 506 2862; x_wconf 95' lang='lat' dir='ltr'>uix</span> <span class='ocrx_word' id='word_1_229' title='bbox 525 2803 620 2881; x_wconf 92' lang='lat' dir='ltr'>ipsius</span> <span class='ocrx_word' id='word_1_230' title='bbox 639 2810 732 2882; x_wconf 87' lang='lat' dir='ltr'>putat,</span> <span class='ocrx_word' id='word_1_231' title='bbox 751 2819 827 2880; x_wconf 81' lang='lat' dir='ltr'>quae</span> <span class='ocrx_word' id='word_1_232' title='bbox 845 2809 944 2860; x_wconf 91' lang='lat' dir='ltr'>tamen</span> <span class='ocrx_word' id='word_1_233' title='bbox 962 2795 1072 2875; x_wconf 80' lang='lat' dir='ltr'>duplex</span> <span class='ocrx_word' id='word_1_234' title='bbox 1090 2798 1198 2878; x_wconf 86' lang='lat' dir='ltr'>lertur,</span> 
     </span>
     <span class='ocr_line' id='line_1_30' title="bbox 120 2886 1197 2972; baseline -0.002 -24"><span class='ocrx_word' id='word_1_235' title='bbox 120 2901 240 2956; x_wconf 74' lang='lat' dir='ltr'>roenna</span> <span class='ocrx_word' id='word_1_236' title='bbox 272 2894 358 2972; x_wconf 87' lang='lat' dir='ltr'>quasi</span> <span class='ocrx_word' id='word_1_237' title='bbox 384 2892 485 2970; x_wconf 89' lang='lat' dir='ltr'>priore</span> <span class='ocrx_word' id='word_1_238' title='bbox 517 2891 617 2953; x_wconf 92' lang='lat' dir='ltr'>habita</span> <span class='ocrx_word' id='word_1_239' title='bbox 649 2889 775 2969; x_wconf 87' lang='lat' dir='ltr'>proelio,</span> <span class='ocrx_word' id='word_1_240' title='bbox 808 2888 899 2949; x_wconf 89' lang='lat' dir='ltr'>altera</span> <span class='ocrx_word' id='word_1_241' title='bbox 926 2886 1106 2967; x_wconf 88' lang='lat' dir='ltr'>posteriore,</span> <span class='ocrx_word' id='word_1_242' title='bbox 1136 2905 1197 2966; x_wconf 88' lang='lat' dir='ltr'>quo</span> 
     </span>
     <span class='ocr_line' id='line_1_31' title="bbox 180 2974 1243 3059; baseline -0.005 -15"><span class='ocrx_word' id='word_1_243' title='bbox 180 2983 302 3044; x_wconf 81' lang='lat' dir='ltr'>Asinius</span> <span class='ocrx_word' id='word_1_244' title='bbox 333 2978 427 3040; x_wconf 88' lang='lat' dir='ltr'>Pollio</span> <span class='ocrx_word' id='word_1_245' title='bbox 461 2998 499 3041; x_wconf 90' lang='lat' dir='ltr'>ne</span> <span class='ocrx_word' id='word_1_246' title='bbox 526 2988 645 3059; x_wconf 89' lang='lat' dir='ltr'>tempus</span> <span class='ocrx_word' id='word_1_247' title='bbox 679 2977 799 3056; x_wconf 89' lang='lat' dir='ltr'>quidem</span> <span class='ocrx_word' id='word_1_248' title='bbox 832 2975 1023 3036; x_wconf 87' lang='lat' dir='ltr'>contionandi</span> <span class='ocrx_word' id='word_1_249' title='bbox 1054 2974 1243 3040; x_wconf 80' lang='lat' dir='ltr'>habuissem</span> 
     </span>
     <span class='ocr_line' id='line_1_32' title="bbox 181 3067 825 3132; baseline -0.011 -1"><span class='ocrx_word' id='word_1_250' title='bbox 181 3089 249 3132; x_wconf 89' lang='lat' dir='ltr'>eum</span> <span class='ocrx_word' id='word_1_251' title='bbox 274 3069 347 3130; x_wconf 92' lang='lat' dir='ltr'>dicit</span> <span class='ocrx_word' id='word_1_252' title='bbox 370 3069 468 3130; x_wconf 90' lang='lat' dir='ltr'>subita</span> <span class='ocrx_word' id='word_1_253' title='bbox 491 3069 622 3129; x_wconf 89' lang='lat' dir='ltr'>bostium</span> <span class='ocrx_word' id='word_1_254' title='bbox 645 3067 825 3126; x_wconf 90' lang='lat' dir='ltr'>incursione.</span> 
     </span>
     <span class='ocr_line' id='line_1_33' title="bbox 270 3160 1197 3241; baseline -0.005 -14"><span class='ocrx_word' id='word_1_255' title='bbox 270 3161 355 3228; x_wconf 60' lang='lat'><strong>24²³.</strong></span> <span class='ocrx_word' id='word_1_256' title='bbox 387 3169 471 3229; x_wconf 79' lang='lat' dir='ltr'>Suet.</span> <span class='ocrx_word' id='word_1_257' title='bbox 499 3169 538 3227; x_wconf 84' lang='lat' dir='ltr'>de</span> <span class='ocrx_word' id='word_1_258' title='bbox 562 3181 661 3239; x_wconf 71' lang='lat' dir='ltr'>gram.</span> <span class='ocrx_word' id='word_1_259' title='bbox 680 3162 724 3222; x_wconf 80' lang='lat'>16</span> <span class='ocrx_word' id='word_1_260' title='bbox 761 3160 794 3233; x_wconf 85' lang='lat' dir='ltr'>Q.</span> <span class='ocrx_word' id='word_1_261' title='bbox 822 3160 968 3223; x_wconf 87' lang='lat' dir='ltr'>Caecilius</span> <span class='ocrx_word' id='word_1_262' title='bbox 996 3161 1119 3241; x_wconf 82' lang='lat' dir='ltr'>Epirota</span> <span class='ocrx_word' id='word_1_263' title='bbox 1138 3161 1197 3222; x_wconf 87' lang='lat' dir='ltr'>&#39;ln-</span> 
     </span>
     <span class='ocr_line' id='line_1_34' title="bbox 182 3250 1199 3330; baseline -0.007 -12"><span class='ocrx_word' id='word_1_264' title='bbox 182 3255 259 3318; x_wconf 90' lang='lat' dir='ltr'>sculi</span> <span class='ocrx_word' id='word_1_265' title='bbox 281 3262 368 3317; x_wconf 92' lang='lat' dir='ltr'>natus</span> <span class='ocrx_word' id='word_1_266' title='bbox 396 3255 521 3317; x_wconf 90' lang='lat' dir='ltr'>libertus</span> <span class='ocrx_word' id='word_1_267' title='bbox 539 3253 631 3312; x_wconf 89' lang='lat' dir='ltr'>Attici</span> <span class='ocrx_word' id='word_1_268' title='bbox 655 3282 694 3294; x_wconf 84' lang='lat'>-</span> <span class='ocrx_word' id='word_1_269' title='bbox 720 3269 790 3312; x_wconf 90' lang='lat' dir='ltr'>cum</span> <span class='ocrx_word' id='word_1_270' title='bbox 817 3250 907 3312; x_wconf 88' lang='lat' dir='ltr'>liliam</span> <span class='ocrx_word' id='word_1_271' title='bbox 933 3253 1051 3330; x_wconf 92' lang='lat' dir='ltr'>patroni</span> <span class='ocrx_word' id='word_1_272' title='bbox 1074 3259 1199 3330; x_wconf 89' lang='lat' dir='ltr'>nuptam</span> 
     </span>
     <span class='ocr_line' id='line_1_35' title="bbox 181 3339 1199 3426; baseline -0.007 -20"><span class='ocrx_word' id='word_1_273' title='bbox 181 3345 219 3406; x_wconf 88' lang='grc' dir='ltr'>Μ.</span> <span class='ocrx_word' id='word_1_274' title='bbox 242 3346 389 3426; x_wconf 78' lang='lat' dir='ltr'>Agrippae</span> <span class='ocrx_word' id='word_1_275' title='bbox 413 3343 543 3423; x_wconf 85' lang='lat' dir='ltr'>doceret,</span> <span class='ocrx_word' id='word_1_276' title='bbox 567 3348 725 3420; x_wconf 90' lang='lat' dir='ltr'>suspectus</span> <span class='ocrx_word' id='word_1_277' title='bbox 748 3343 779 3401; x_wconf 90' lang='lat' dir='ltr'>in</span> <span class='ocrx_word' id='word_1_278' title='bbox 803 3359 836 3402; x_wconf 90' lang='lat' dir='ltr'>ea</span> <span class='ocrx_word' id='word_1_279' title='bbox 860 3348 890 3401; x_wconf 91' lang='lat' dir='ltr'>et</span> <span class='ocrx_word' id='word_1_280' title='bbox 913 3340 951 3401; x_wconf 94' lang='lat' dir='ltr'>ob</span> <span class='ocrx_word' id='word_1_281' title='bbox 973 3339 1031 3400; x_wconf 94' lang='lat' dir='ltr'>hoc</span> <span class='ocrx_word' id='word_1_282' title='bbox 1054 3348 1199 3420; x_wconf 87' lang='lat' dir='ltr'>remotus,</span> 
     </span>
     <span class='ocr_line' id='line_1_36' title="bbox 183 3428 1244 3510; baseline -0.008 -14"><span class='ocrx_word' id='word_1_283' title='bbox 183 3435 219 3496; x_wconf 93' lang='lat' dir='ltr'>ad</span> <span class='ocrx_word' id='word_1_284' title='bbox 242 3434 413 3496; x_wconf 88' lang='lat' dir='ltr'>Cornelium</span> <span class='ocrx_word' id='word_1_285' title='bbox 437 3430 553 3492; x_wconf 86' lang='lat' dir='ltr'>Gallum</span> <span class='ocrx_word' id='word_1_286' title='bbox 576 3447 608 3490; x_wconf 93' lang='lat' dir='ltr'>se</span> <span class='ocrx_word' id='word_1_287' title='bbox 631 3429 759 3491; x_wconf 90' lang='lat' dir='ltr'>contulit</span> <span class='ocrx_word' id='word_1_288' title='bbox 787 3432 922 3510; x_wconf 86' lang='lat' dir='ltr'>uixitque</span> <span class='ocrx_word' id='word_1_289' title='bbox 950 3447 1008 3491; x_wconf 90' lang='lat' dir='ltr'>nna</span> <span class='ocrx_word' id='word_1_290' title='bbox 1031 3428 1199 3490; x_wconf 83' lang='lat' dir='ltr'>familiaris·</span> <span class='ocrx_word' id='word_1_291' title='bbox 1215 3457 1244 3499; x_wconf 72' lang='lat'>35</span> 
     </span>
     <span class='ocr_line' id='line_1_37' title="bbox 183 3519 1298 3605; baseline -0.005 -21"><span class='ocrx_word' id='word_1_292' title='bbox 183 3525 266 3605; x_wconf 86' lang='lat' dir='ltr'>sime,</span> <span class='ocrx_word' id='word_1_293' title='bbox 290 3521 369 3603; x_wconf 90' lang='lat' dir='ltr'>quod</span> <span class='ocrx_word' id='word_1_294' title='bbox 392 3522 453 3600; x_wconf 91' lang='lat' dir='ltr'>ipsi</span> <span class='ocrx_word' id='word_1_295' title='bbox 470 3520 553 3582; x_wconf 90' lang='lat' dir='ltr'>Gallo</span> <span class='ocrx_word' id='word_1_296' title='bbox 572 3521 652 3580; x_wconf 87' lang='lat' dir='ltr'>inter</span> <span class='ocrx_word' id='word_1_297' title='bbox 670 3521 845 3598; x_wconf 86' lang='lat' dir='ltr'>grauissima</span> <span class='ocrx_word' id='word_1_298' title='bbox 865 3522 989 3581; x_wconf 89' lang='lat' dir='ltr'>crimina</span> <span class='ocrx_word' id='word_1_299' title='bbox 1008 3519 1044 3580; x_wconf 93' lang='lat' dir='ltr'>ab</span> <span class='ocrx_word' id='word_1_300' title='bbox 1063 3519 1198 3598; x_wconf 88' lang='lat' dir='ltr'>Augusto</span> <span class='ocrx_word' id='word_1_301' title='bbox 1297 3595 1298 3604; x_wconf 8' lang='grc' dir='ltr'>ἵ</span> 
     </span>
     <span class='ocr_line' id='line_1_38' title="bbox 183 3605 1298 3674; baseline -0.008 -2"><span class='ocrx_word' id='word_1_302' title='bbox 183 3612 321 3674; x_wconf 89' lang='lat' dir='ltr'>obicitur.</span> <span class='ocrx_word' id='word_1_303' title='bbox 1297 3605 1298 3612; x_wconf 76' lang='grc'>’</span> 
     </span>
    </p>
   </div>
   <div class='ocr_carea' id='block_1_6' title="bbox 0 0 1324 4054">
    <p class='ocr_par' dir='ltr' id='par_1_6' title="bbox 0 0 1324 4054">
     <span class='ocr_line' id='line_1_39' title="bbox 0 0 1324 4054; baseline 0 0"><span class='ocrx_word' id='word_1_304' title='bbox 0 0 1324 4054; x_wconf 95' lang='lat' dir='ltr'> </span> 
     </span>
    </p>
   </div>
  </div>
 </body>
</html>
