2614 4056
524 638 879 744 APPENDlX

196 801 497 880 coeterorum
520 798 728 879 tursum
751 799 938 876 onnruo
966 799 1215 880 tunsurus
1288 857 1289 864 a

608 999 794 1088 ALFIVS

260 1151 369 1210 13an
387 1148 719 1210 OARTHAGINIENSIS
739 1148 837 1204 LIBRI
856 1148 870 1204 I
888 1147 1149 1208 FRAGMENTVM

292 1259 321 1328 l.
344 1268 422 1328 Fert.
441 1281 464 1327 s.
479 1285 508 1326 n.
524 1265 703 1326 Mamertini
716 1283 747 1340 p.
762 1262 824 1324 158
843 1263 886 1324 M.
918 1262 1087 1326 Mamertini
1114 1265 1215 1344 appel·
1288 1317 1289 1322 ,

199 1355 269 1434 [lati
285 1363 357 1418 sunt
374 1353 449 1433 lale
468 1355 504 1415 de
524 1371 626 1416 cause:
645 1369 713 1413 oum
732 1348 756 1432 †
774 1352 811 1414 de
831 1359 896 1414 toto
910 1352 1029 1415 Samnio
1049 1355 1149 1432 grams
1168 1355 1214 1415 in-
1288 1326 1289 1416 l

197 1445 320 1506 cidisset
342 1443 520 1524 pestilentia,
545 1441 707 1503 sthennius
730 1439 853 1503 Mettius
872 1443 937 1503 eius
956 1445 1053 1522 gentis
1073 1445 1215 1522 princeps
1288 1429 1289 1450 ¹

197 1540 362 1596 conuocate
384 1535 498 1594 ciuium
521 1549 644 1592 suorum
667 1533 805 1592 contione
829 1533 967 1612 exposuit
990 1549 1023 1592 se
1046 1532 1159 1594 uidisse
1183 1535 1215 1592 in

199 1625 299 1702 quiete
327 1623 559 1701 praecipientem
582 1618 762 1701 Apollinem,
795 1629 839 1702 ut,
873 1622 899 1681 si
925 1619 1038 1682 uellent
1069 1639 1104 1682 eo
1137 1621 1245 1682 malos

197 1711 332 1792 liberari,
356 1729 411 1772 uer
434 1727 551 1770 sacrum
575 1717 735 1790 uouerent,
765 1710 796 1770 id
823 1719 878 1791 est,
907 1727 1113 1790 quaecumque
1141 1729 1215 1771 uere

198 1802 333 1880 proximo
356 1806 427 1860 nata
449 1804 559 1878 essent,
581 1797 786 1860 immolaturos
809 1799 876 1860 sibi.
923 1817 982 1879 quo
1006 1800 1084 1861 lacto
1107 1799 1215 1862 leuatis

197 1897 266 1970 poet
289 1907 401 1950 annum
423 1889 622 1950 uicensimum
649 1888 756 1950 deinde
784 1888 917 1950 eiusdem
945 1891 1063 1968 generis
1090 1890 1217 1950 incessit

198 1978 375 2058 pestilentia.
417 1993 539 2037 rursum
557 1977 656 2056 itaque
676 1976 831 2040 consultus
849 1977 953 2056 Apollo
972 1978 1135 2059 respondit,
1154 1996 1216 2038 non

199 2085 265 2128 esse
292 2065 480 2146 persolutum
512 2063 547 2126 ab
575 2065 624 2126 his
650 2075 768 2148 uotum,
800 2066 880 2148 quod
907 2066 1043 2127 homines
1070 2066 1258 2128 immolatio

109 2157 112 2163 ’
198 2175 259 2217 non
283 2161 396 2233 essent,
429 2173 505 2233 qums
528 2156 554 2214 si
577 2155 775 2237 expulissent,
808 2164 889 2217 certe
917 2154 980 2215 sore
1008 2161 1042 2215 ut
1069 2173 1104 2215 ee
1130 2156 1216 2216 clade

198 2244 407 2306 liberarentur.
443 2245 546 2322 itaque
562 2244 594 2306 hi
613 2247 689 2307 iussi
706 2247 803 2324 petria
817 2243 972 2322 decedere,
986 2261 1056 2303 cum
1078 2245 1109 2304 in
1127 2252 1215 2323 perte

199 2351 235 2394 ee
258 2330 409 2410 Si[cilr'ae]
435 2333 649 2416 consedissent,
673 2352 748 2414 quae
773 2329 882 2410 [nun]c
905 2329 1071 2393 Tauricana
1094 2332 1217 2414 dicitur,

199 2422 277 2482 forte
314 2419 547 2497 [ledolrantibus
584 2422 662 2484 bello
702 2418 810 2500 no[u]o
847 2419 1067 2483 Messanesibus
1104 2423 1215 2487 auxilio

199 2516 351 2570 uenerunt
372 2509 452 2571 ultro
476 2530 586 2592 eosque
611 2511 664 2588 [ud
687 2509 735 2586 eo]
763 2507 930 2571 liberarunt
952 2507 976 2591 †
1003 2511 1214 2591 prouinciales.
1231 2531 1259 2572 15

200 2597 280 2678 quod
300 2595 338 2660 ol)
357 2597 523 2676 [me]ritum
542 2617 647 2660 eorum
660 2605 694 2658 ut
708 2599 833 2674 patiam
847 2599 1004 2682 referrent,
1022 2609 1053 2662 et
1074 2603 1106 2662 in
1125 2619 1214 2660 suum

200 2705 309 2766 corpus
329 2692 626 2766 communionemque
643 2701 782 2764 agrorum
800 2688 968 2751 incitarunt
986 2709 1037 2750 eos
1056 2697 1086 2749 et
1104 2705 1214 2748 nomen

199 2785 381 2854 acceperunt
403 2797 505 2858 unum,
528 2784 563 2836 ut
585 2775 756 2836 dicerentur
775 2775 952 2860 Mamertini,
971 2777 1048 2858 quod
1069 2778 1214 2838 coniectis
1288 2845 1289 2850 η

199 2866 231 2924 in
268 2873 380 2926 sortem
417 2865 573 2926 duodecim
610 2863 733 2924 deorum
769 2865 940 2927 nominibus
971 2866 1098 2926 Mamers
1135 2865 1214 2926 sorte
1288 2867 1289 2932 l

200 2955 320 3035 exierat,
343 2957 396 3033 qui
418 2953 518 3031 lingua
541 2951 688 3014 Oscorum
714 2952 792 3015 Mers
821 2954 1013 3033 elgniflcatur.
1059 2956 1146 3015 cuius
1169 2954 1214 3016 hi·
1229 2976 1258 3016 eo
1288 2939 1289 2988 ³

200 3045 308 3104 storiae
332 3049 436 3108 auctor
459 3048 505 3101 est
527 3039 620 3102 Alnus
643 3040 720 3103 libro
742 3046 838 3123 primo
862 3041 933 3104 belli
951 3042 1216 3122 Carthaginiensis

582 3222 829 3312 etsslnlvs

465 3371 662 3428 HISTORIAM
681 3371 942 3430 FRAGMENTVM

292 3475 325 3544 l.
344 3485 446 3547 Streb.
457 3487 595 3567 XVII3,
604 3487 661 3564 811.
672 3486 737 3548 829
759 3487 821 3549 Καὶ
829 3489 970 3570 Γαβίνιος
984 3486 1016 3551 δὲ
1030 3483 1047 3553 ὃ
1061 3484 1214 3570 Ῥωμαίων

202 3573 390 3657 συγγραφεὺς
409 3576 464 3642 οὐκ
487 3577 622 3662 ἀπέχεται
647 3586 701 3662 τῆς
729 3587 929 3667 τερατολογίας
954 3590 1007 3667 τῆς
1033 3585 1101 3668 περὶ
1123 3591 1214 3651 Μαυ-
