2638 4056
179 208 244 280 256
472 203 901 267 Ιαεααεαοαιεευοεεει

118 359 173 439 fi
275 349 741 436 11.Αμμ.ο.ο.ν42“αςοὲ
765 352 812 416 ἐπὶ
834 349 889 435 τὴν
911 348 1028 435 τάφρον
1050 348 1197 434 ἀφίκοντο
1297 393 1298 436 1

119 448 170 500 714
181 457 311 538 [Lucius
324 447 473 518 Antonius
487 457 563 517 bello
578 455 729 516 Perusino
743 456 844 516 αἰτίαν
862 461 893 515 et
906 451 1089 531 Ααςαεεαε],
1107 470 1199 532 προσ-

179 549 347 637 ηγόρευσάν
364 575 393 615 τε
415 547 574 633 άλλήλους,
592 549 643 614 καῖ
661 545 677 614 ό
697 543 828 624 Λεύκιος
848 549 921 632 ἔφη·
955 546 1014 614 ‘Et
1036 547 1090 632 μὲν
1113 549 1199 627 ξένος

182 647 225 716 ῶν
248 649 427 731 ἐπολέμησα,
450 639 474 712 ῶ
497 653 629 729 Καῖσαρ,
652 644 777 730 αἰσχράν
798 642 838 710 διν
864 643 919 729 τὴν
940 644 1080 731 τοιαύτην
1102 640 1201 730 ἧσσαν
1297 633 1298 652 ¹

181 745 319 833 ἡγούμην
341 747 392 810 καῖ
420 749 555 829 αἰσχίονα
577 747 618 810 ἔτι
644 743 700 827 τὴν
730 742 913 828 παράδοσιν,
944 745 994 809 καὶ
1024 749 1113 828 τῆσδε
1147 752 1230 828 τηςο

183 840 327 929 αἰσχύνης
349 840 429 928 εἶχον
450 840 624 928 άπαλλαχὴν
652 841 775 908 εύκολον
801 840 872 926 παρ’
898 843 1035 925 ἐμαυτοῦ.
1070 845 1134 910 ἐπεὶ
1166 844 1202 908 δέ

183 947 287 1030 πολίτῃ
311 943 476 1026 διηνέχθην
498 943 549 1006 καί
571 939 700 1027 ὁμοτίμῳ
724 940 774 1003 καῖ
797 937 872 1021 ύπέρ
894 945 947 1022 τῆς
969 943 1120 1024 πατρίδες,
1143 939 1201 1006 ούκ

185 1037 307 1125 αἰσχρόν
329 1036 458 1124 ἡγοῦμαι
477 1037 547 1122 μετά
565 1040 682 1104 τοιᾶσδε
699 1033 878 1121 προφάσεως
896 1034 956 1104 ὑπὸ
974 1043 1091 1105 τοιοῦδε
1108 1037 1200 1124 ἡσσῆ-

184 1147 264 1204 σθαι.
302 1139 352 1203 καὶ
374 1135 446 1210 τάδε
467 1138 540 1222 λέχα
569 1135 605 1202 ού
633 1133 868 1221 παραιτούμενος
894 1145 1007 1204 παθεῖν
1033 1135 1077 1204 ότι
1099 1139 1201 1216 θέλοις

133 1306 139 1320 ,
184 1231 249 1322 (διά
271 1232 327 1320 χάρ
351 1256 398 1301 σοι
419 1241 505 1302 τοῦτο
528 1236 558 1312 ἐς
575 1232 608 1302 τὸ
627 1231 824 1318 στρατόπεδον
841 1234 873 1300 τὸ
893 1233 946 1301 σὸν
964 1225 1038 1301 άυευ
1057 1239 1198 1305 σπονδῶν
1214 1261 1243 1300 ιο

184 1329 300 1418 ἱέμην),
322 1331 385 1400 ἀλλ’
412 1335 462 1400 ἵνα
483 1341 545 1410 τοῖς
572 1331 671 1409 άλλοις
693 1330 801 1416 αἰτήσω
826 1332 1004 1418 συχχνῶμηυ
1027 1338 1146 1403 δυιαίαυ
1167 1361 1198 1401 τε

184 1431 316 1509 καὶτοῖς
339 1438 402 1510 σοῖς
423 1428 574 1518 πράγμασι
596 1430 817 1513 συμφέρουσαν.
849 1433 899 1496 δεῖ
917 1433 950 1497 δέ
972 1457 1007 1516 με
1029 1439 1114 1500 τούτο
1137 1434 1198 1500 ἐπι-

185 1527 341 1595 δεικνύντα
369 1532 476 1593 διελεῖν
503 1525 555 1594 τὸν
586 1524 688 1611 λόγον,
720 1525 795 1611 ύπέρ
826 1554 856 1594 τε
888 1531 1010 1597 ἐκείνων
1041 1532 1092 1596 καῖ
1123 1529 1199 1616 ὑπὲρ
1297 1551 1298 1554 ’

185 1628 328 1717 ἐμαυτοῦ,
351 1628 402 1692 ἴνα
425 1623 519 1708 μόνον
541 1624 591 1704 ἐμὲ
618 1629 678 1690 τῶν
699 1625 863 1714 γεγονότων
890 1631 985 1695 αῖτιου
1007 1627 1146 1714 ἐπιγνούς
1168 1632 1199 1706 ἐς

185 1725 235 1809 ἐμέ
261 1723 316 1809 τὴν
343 1721 436 1810 όρχὴν
464 1720 642 1809 σνναχύχης.
678 1722 718 1806 μὴ
750 1730 876 1813 νομίσης
908 1727 941 1796 δέ
968 1725 1200 1812 ἐλεγχθήσεσθαι
1218 1748 1246 1790 ιο

188 1821 258 1908 μετὰ
280 1826 446 1907 παρρησίας
469 1819 609 1905 (άκαιρον
631 1818 703 1908 χδρ)
727 1819 801 1890 ύλλόι
823 1823 883 1908 μετ’
908 1823 1063 1909 άληθείας,
1084 1818 1122 1908 ἧς
1145 1823 1202 1892 ούιι

186 1923 232 1986 ἐνι
254 1947 304 2005 μοι
326 1920 415 2005 χωρίς
437 1922 538 1986 εἰπεῖν.
581 1915 658 2004 Ἐχῶ
686 1917 738 1987 τὸν
763 1919 839 2005 πρὸς
866 1923 899 1990 σὲ
921 1921 1051 2007 πόλεμον
1073 1921 1203 2008 ἠράμην,

187 2017 241 2104 ούχ
268 2022 319 2084 ἵνα
346 2039 379 2084 σε
404 2015 542 2084 καθελῶν
569 2017 749 2102 διαδέξεομαι
776 2018 831 2105 τὴν
856 2018 1033 2106 ἡγεμονίαν,
1059 2019 1123 2088 ἄλλ’
1152 2025 1205 2088 ἵνα

186 2115 241 2201 τὴν
264 2115 487 2200 άριστοκρατίαν
509 2112 650 2198 άναλάβω
673 2125 708 2207 τῇ
730 2123 863 2203 πατρίδι,
885 2121 1048 2204 λελυμένην
1069 2117 1129 2186 ύπό
1150 2126 1205 2203 τῆς

187 2222 246 2281 τῶν
273 2220 361 2298 τριῶν
390 2210 499 2298 ἀρχῆς,
528 2209 568 2290 ῶς
598 2211 664 2280 οὐδ’
689 2212 729 2280 διν
756 2213 845 2295 αὐτὸς
867 2215 1027 2295 άνιείποις.
1073 2219 1123 2284 καλ
1144 2216 1204 2302 γὰρ
1219 2239 1247 2279 εο

188 2311 235 2379 ότε
258 2315 435 2379 συνίστασθε
462 2309 572 2395 αὐτὴν,
602 2309 813 2398 ὁμολογοῦντες
841 2312 916 2380 εἶναι
942 2311 1134 2398 παράνομον,
1160 2313 1204 2393 ῶς

189 2407 356 2494 ἀναγκαίαν
377 2409 428 2474 καῖ
454 2408 635 2494 πρόσκαιρον
658 2412 807 2492 ἐτίθεσθε,
830 2415 964 2478 Κασσίου
991 2413 1042 2478 καῖ
1068 2411 1204 2498 Βρούτον

188 2506 352 2591 περιόντων
366 2509 407 2573 ἔτι
425 2509 475 2572 καί
493 2505 578 2591 ὑμῶν
596 2511 720 2586 ἐκείνοις
734 2506 772 2574 ού
786 2509 961 2591 δυναμένων
975 2517 1204 2596 συναλλαγῆναι.

189 2603 408 2672 άποθανόντεον
427 2605 459 2670 δὲ
478 2606 609 2688 ἐκείνου,
628 2611 658 2672 οῖ
674 2605 706 2674 τὸ
725 2612 776 2688 τῆς
794 2603 921 2684 στάσεως
938 2604 1103 2690 κεφάλαιον
1115 2601 1204 2690 ἦσαν,

189 2704 238 2769 καῖ
260 2710 319 2768 τῶν
341 2700 529 2787 ὑπολοίποιν,
551 2709 582 2770 εἴ
599 2731 665 2771 τινα
686 2708 814 2786 λείψανα
836 2705 928 2784 ἔστιν,
952 2703 989 2770 ού
1011 2712 1046 2791 τῇ
1073 2709 1204 2793 πολιτεία
1218 2726 1247 2767 ιο

189 2799 398 2884 πολεμούντων
427 2798 490 2868 άλλ’
520 2799 598 2886 ὑμεῖς
625 2799 780 2882 δεδιότων,
813 2803 861 2866 ἐπῖ
893 2801 926 2866 δὲ
953 2799 1047 2890 τούτῳ
1074 2804 1125 2868 καλ
1151 2810 1204 2888 τῆς

190 2902 358 2978 πενταετίας
379 2898 558 2985 παριούσης,
586 2897 743 2980 ἀνακύψαι
768 2923 819 2978 τας
846 2897 939 2983 άρχόις
961 2900 1010 2966 ἐκεῖ
1038 2898 1073 2965 τά
1095 2899 1205 2986 πάτρια

190 2993 306 3081 ἠξίουν,
329 2995 365 3064 ού
388 3005 539 3085 προτιμῶν
562 2993 635 3061 ούδὲ
656 2993 708 3061 τὸν
730 2993 865 3081 ἀδελφὸν
883 3004 937 3082 τῆς
959 3003 1115 3083 πατρίδος,
1138 2999 1201 3066 ἀλλ’

190 3096 315 3172 ἐλπίζον
343 3095 397 3179 μὲν
428 3090 630 3160 ἐπανελθόντα
656 3096 768 3160 πείσειν
799 3093 918 3178 ἑκόντα,
950 3095 1140 3183 ἐποιχόμενος
1171 3099 1205 3165 δὲ

191 3194 238 3258 ἐπὶ
261 3200 313 3277 τῆς
335 3196 407 3280 ἐμῆς
429 3190 522 3276 ἀρχῆς
547 3191 697 3278 χευίσθακ
734 3195 786 3262 καῖ
811 3197 841 3262 εί
865 3199 1011 3279 κατῆρξας
1028 3194 1086 3278 σύ,
1111 3194 1204 3279 μόνος
1218 3218 1245 3259 εο

191 3287 230 3356 διν
251 3289 379 3378 καλιὴν
401 3286 595 3375 δόξαυεέηες.
622 3291 685 3360 ἐπεί
707 3291 742 3362 δὲ
763 3290 805 3377 δύ
827 3314 859 3360 σε
881 3291 937 3362 οὐκ
960 3295 1098 3376 ίτεενθαν,
1116 3293 1205 3385 ρ’)’μην

191 3387 289 3456 ἐλθῶν
312 3390 361 3455 ἐπῖ
377 3385 495 3473 Ῥῶμην
518 3390 569 3460 καῖ
591 3382 771 3476 άναχιιάσαι,
794 3394 915 3475 πολίτης
941 3416 971 3456 τε
994 3387 1037 3458 ῶν
1058 3395 1110 3458 καλ
1131 3391 1206 3479 χνό-

191 3512 275 3572 ριμος
303 3487 352 3552 καί
379 3485 500 3566 ύπατος.
537 3491 571 3556 αδ
594 3487 650 3571 μὲν
677 3492 766 3556 αἰτίαι
788 3488 829 3555 δι’
853 3487 891 3567 ἃς
918 3490 1097 3574 ἐπολέμησα,
1120 3485 1205 3557 αόυαι
1297 3567 1298 3574 χ

192 3584 291 3668 μόναι,
312 3586 365 3650 καῖ
383 3583 450 3652 ου”τε
466 3582 485 3652 ό
504 3582 635 3668 άδελφδς
649 3586 720 3654 οότε
738 3585 862 3668 Μάνιος
880 3586 947 3656 σόει
965 3595 1121 3657 Φουλουία
1139 3585 1205 3658 τότε
1297 3619 1298 3630 ’
