2670 4058
202 216 267 282 110
493 169 927 274 sancsonn'ssnumoms
1029 293 1032 300 Ι

291 361 326 429 5.
353 367 426 428 dell.
440 366 531 427 XIII
539 367 570 446 3,
586 365 609 426 6
631 365 695 427 Hoc
709 383 764 445 ego
783 366 891 428 scrihsi
906 352 942 427 de
957 369 1115 446 utriusque
1130 386 1217 430 troca-

199 454 263 516 hnli
287 454 533 533 [necessitudinis
551 464 581 517 et
598 453 800 534 necessitatis]
820 456 1028 536 indifferentia,
1047 455 1217 517 admonitus

199 543 277 604 forte
291 542 379 604 uerbi
393 545 489 626 istius,
504 561 573 605 cum
592 543 723 623 legerem
738 544 908 624 Sempronii
921 544 1087 624 Asellionis,
1102 547 1216 608 ueteris

200 631 365 716 scribturis,
389 643 528 714 quartum
552 652 588 693 ex
607 632 733 694 historia
755 632 874 716 librum,
893 635 925 693 in
949 652 1008 714 quo
1032 631 1068 694 de
1087 633 1118 694 P.
1138 634 1215 695 Airi-

200 741 287 802 cano,
310 721 394 784 Pauli
418 721 491 804 tilio,
514 723 555 783 ita
579 722 725 784 scribtum
748 733 807 784 est:
834 721 909 784 Nam
932 741 964 784 se
987 729 1102 802 patrem
1127 741 1244 785 suumn
1322 791 1323 798 χ

199 811 319 873 audisse
342 810 441 873 dicere
461 809 492 872 L.
512 809 670 874 Aemilium
689 809 823 892 Paulum,
846 813 935 872 nimis
959 810 1070 874 honum
1090 813 1215 892 impera-

199 909 295 962 torem
319 901 412 982 signis
436 900 560 962 conlatis
584 919 644 962 nou
668 899 835 980 decertare,
863 901 923 961 nisi
946 919 1061 961 summa
1085 901 1214 963 necessi-

199 990 271 1052 tudo
294 998 346 1050 urit
370 1007 484 1050 summa
507 991 624 1052 occasio
648 989 715 1050 data
738 997 826 1052 esset.
1199 983 1203 992 '

582 1174 636 1232 EX
654 1175 781 1234 LIBRO
806 1175 831 1233 V

288 1288 323 1356 6.
350 1293 422 1356 uon
438 1292 532 1354 1113
558 1291 681 1372 Antiqui
699 1299 833 1354 oratores
851 1291 1052 1372 historiaeque
1076 1301 1128 1354 aut
1150 1311 1258 1354 car-10
1324 1322 1325 1374 r

198 1383 313 1444 minum
331 1382 495 1462 scriptores
514 1383 603 1442 ctiam
621 1397 714 1442 unum
734 1378 828 1442 lilium
847 1380 975 1445 lilismue
990 1375 1123 1442 ‘liberos’
1138 1382 1214 1444 mul·
1324 1383 1325 1386 ’

198 1471 336 1534 titudinis
349 1487 476 1532 numero
489 1468 683 1548 appellarunt.
706 1469 796 1550 idque
811 1488 867 1533 uos
881 1488 949 1532 cum
968 1472 1000 1532 in
1014 1469 1213 1550 complurium

198 1568 335 1622 ueterum
367 1558 455 1620 lihris
487 1560 632 1638 scriptum
662 1557 840 1639 aliquotiens
872 1558 1104 1640 aduerterimus,
1133 1577 1214 1622 nuuc
1324 1571 1325 1576 ’

199 1666 319 1728 quoque
333 1650 365 1710 in
378 1647 455 1710 libro
471 1646 639 1728 Sempronii
653 1647 811 1712 Asellionis
825 1665 927 1710 rerum
941 1655 1093 1727 gestarum
1107 1651 1213 1729 quinto

198 1740 239 1800 ita
257 1755 325 1800 esse
342 1738 474 1816 positum
492 1737 679 1800 offendimus.
696 1769 736 1782 -
751 1736 825 1800 Eius
844 1735 936 1798 uerba
954 1736 991 1798 de
1010 1736 1054 1798 Ti
1069 1736 1212 1817 Graccho,
1228 1757 1255 1797 15

199 1825 320 1889 tribuno
342 1825 396 1907 pl,
423 1845 482 1906 quo
511 1827 542 1890 in
572 1837 705 1907 tempore
733 1825 909 1889 interiectus
936 1828 968 1888 in
991 1825 1135 1905 Capitoho
1158 1835 1214 1904 est,

198 1915 271 1978 haec
290 1922 374 1976 sunt:
396 1913 471 1978 Nam
488 1915 642 1980 Gracchus
661 1915 748 1978 domo
767 1933 836 1978 cum
854 1914 1109 1995 proficiscebatur,
1127 1933 1213 1977 num-

199 2004 402 2156 mata
415 2013 501 2157 “³¹¹3
514 2002 989 2157 mutuaturum
1001 2003 1213 2156 tathaee

136 2157 186 2207 ⁶²¹
199 2184 297 2262 coepit
313 2136 351 2246 ‘td
369 2113 609 2265 qlutldffulllsg
625 2182 820 2244 defenderent
837 2112 1008 2262 hherosquz
1032 2111 1111 2260 Eoos,
1134 2199 1212 2262 enm,
1227 2201 1256 2242 πο

199 2289 288 2351 quem
302 2272 389 2336 uirile
404 2292 492 2336 secus
507 2283 571 2334 tum
584 2275 616 2333 in
630 2289 666 2331 eo
680 2279 814 2350 tempore
828 2270 964 2351 habehat,
978 2270 1104 2350 produci
1124 2271 1214 2330 iussit

135 2361 367 2514 fflpopmgqlffe
375 2380 456 2515 dost?
458 2360 614 2513 ¹331?ng
631 2360 832 2512 pllsoffiaggffi
848 2448 895 2527 [P.
919 2450 1057 2512 Licinius
1083 2447 1213 2508 Croesus

136 2518 189 2569 ⁶2⁸
200 2540 378 2618 Mucianus]
394 2497 596 2618 aSempronio
611 2537 758 2599 Asellione
779 2549 808 2600 et
822 2538 972 2617 plerisque
987 2535 1053 2596 aliis
1069 2534 1212 2596 historiae

197 2628 346 2692 Romanae
356 2627 554 2708 scriptoribus
567 2627 695 2692 traditur
709 2626 850 2690 hahuisse
863 2629 996 2706 quinquo
1008 2639 1111 2684 rerum
1120 2620 1210 2681 hona·
1226 2645 1255 2686 aa

198 2737 265 2780 rum
273 2708 1212 2798 maximaetpraecipuatquodussetditiasimusquudnobilissi·

198 2825 279 2887 mus,
293 2806 371 2886 quod
387 2806 663 2889 eloquentissimus,
683 2806 762 2888 quod
779 2806 854 2865 iuris
868 2801 1120 2878 consultissimus,
1130 2799 1211 2878 quod

198 2896 330 2974 pontifex
342 2897 495 2956 maximus.
503 2895 532 2956 ls
542 2915 610 2957 cum
620 2898 651 2956 in
661 2894 817 2957 consulatu
826 2893 974 2970 optineret
980 2889 1078 2948 Asiam
1089 2889 1211 2964 prouin-

198 2986 274 3046 ciam
289 2993 321 3045 et
334 2985 553 3048 circumsedere
568 2999 800 3065 oppugnareque
809 2982 923 3042 Leucas
937 2984 1064 3056 pararet,
1074 2994 1210 3055 opusque

198 3074 372 3136 essethrmt
382 3081 471 3154 atque
479 3091 605 3153 pmcera
615 3073 768 3154 trahe,qui
777 3072 900 3132 arietem
910 3067 1097 3145 laceret,quo
1106 3081 1210 3128 muros
1224 3091 1254 3132 co

198 3164 263 3223 eius
286 3163 388 3241 oppidi
410 3172 554 3242 quateret,
578 3165 699 3242 scripsit
721 3159 758 3222 ad
777 3156 800 3240 †
819 3175 892 3236 mag„
912 3155 944 3216 G.
963 3154 1212 3237 lloelaattensium,

199 3252 348 3311 sociorum
366 3255 587 3333 amicorumque
605 3249 708 3332 populi
722 3248 856 3326 Romani,
875 3253 908 3307 ut
926 3262 963 3305 ex
981 3243 1065 3304 malis
1083 3242 1210 3328 duobus,

198 3357 273 3417 quos
296 3341 374 3420 apud
398 3360 449 3402 eos
472 3342 606 3421 uidisset,
630 3347 698 3400 uter
720 3339 815 3400 maior
833 3342 922 3412 esset,
943 3351 1012 3394 eum
1031 3333 1211 3395 mittendum

198 3437 325 3491 curaret.
340 3427 449 3510 Tnm†
465 3449 539 3510 mag.
554 3430 586 3491 G.
601 3437 763 3508 comperto,
778 3441 866 3505 quam
881 3422 919 3484 oh
934 3441 997 3484 rem
1013 3421 1121 3484 malum
1132 3422 1210 3484 desi·

198 3515 325 3599 deraret,
341 3537 409 3600 non,
423 3522 465 3581 uti
485 3521 586 3580 imaus
604 3525 676 3599 erat,
690 3518 841 3593 maiorem,
859 3512 911 3574 sed
931 3530 1020 3591 quem
1035 3528 1101 3572 essa
1114 3514 1210 3592 magis
1223 3537 1254 3580 aa

197 3606 336 3670 idoneum
360 3611 563 3689 aptioremque
586 3606 722 3668 iaciendo
739 3605 826 3666 arieti
844 3600 1066 3680 facilioremque
1089 3607 1209 3681 portatu
