2640 4052
191 206 232 272 16
529 206 561 273 ο.
579 203 679 261 mn
696 203 865 262 ειοεοευε
972 279 977 291 χ

143 361 148 372 ’
274 349 307 417 ‘0
330 351 384 434 μέν
407 349 444 435 δὴ
468 349 549 417 ταῦτ’
575 353 673 436 έλεγεν
691 350 846 436 ἀναβολὴν
864 350 1004 437 εὑρέσθαι
1022 353 1205 438 βουλόμενος

157 505 161 511 .
189 459 251 528 τοῖς
272 451 357 515 παισὶ
378 457 431 515 τοῖι
453 447 589 515 θανάτου
612 452 663 515 καλ
685 449 746 533 άμα
769 449 858 528 αὐτὸς
883 448 1115 535 άποδράσασθαι
1137 451 1207 530 τοὺς
1312 519 1313 528 2

190 549 331 635 άγοντας,
353 547 476 614 έπειδδιν
498 551 531 614 έν
553 558 615 627 τοῖς
636 548 716 633 όρεσι
743 551 876 635 γένηται,
906 550 1032 627 έλπίσας.
1070 548 1207 633 Ἀμόλιος

192 648 225 713 δὲ
245 657 308 724 τοῖς
329 645 512 724 πιστοτάτοις
533 654 594 712 τῶν
620 644 800 731 ὁπλοφόρων
829 648 991 726 ἐπιστείλας
1012 647 1135 732 κράφα,·
1152 647 1207 727 οὓς

190 743 230 810 διν
253 742 269 812 ὅ
293 743 465 828 συοφορβὸς
487 743 587 823 αὐτοῖς
610 748 692 832 δείξη
715 745 913 830 συλλαβόντας
935 745 975 825 οδς
997 745 1090 812 αὐτὸν
1112 746 1234 833 άγειν,ε

191 843 359 911 ἀποστέλλει
377 845 547 928 διαταχέων.
582 849 674 908 ταῦτα
692 844 725 909 δέ
743 843 980 930 διαπραξάμενος
1005 843 1110 910 αὐτίκα
1132 844 1208 932 γνά-

192 969 252 1027 μην
274 943 400 1007 έποιεῖτο
422 942 546 1019 καλέσας
566 939 620 1007 τὸν
642 939 775 1025 άδελφδν
793 945 826 1008 έν
845 950 965 1032 φυλακῇ
982 941 1100 1033 άδέσμφ
1119 946 1207 1028 ἔχειν,
1240 959 1249 1030 ζ

192 1041 248 1117 ἕως
270 1036 310 1104 διν
333 1032 366 1105 εὖ
388 1039 481 1123 θῆται
502 1037 537 1105 τά
559 1039 707 1124 παρόντα,
725 1041 776 1106 καί
793 1039 886 1107 αὐτόν
904 1038 943 1119 ὧς
966 1040 1012 1106 ἐπ’
1033 1040 1104 1108 άλλο
1122 1041 1208 1126 δήτι

106 1171 108 1175 ·
191 1137 297 1205 ἐκάλει.
338 1135 355 1205 δ
379 1139 412 1204 δὲ
434 1136 608 1215 ἀποσταλείς
626 1136 748 1223 άγγελος
767 1137 870 1228 εὖνοίγ
887 1166 917 1206 τε
939 1146 992 1206 τοῦ
1015 1139 1207 1207 κινδυνεύον-

192 1265 241 1315 τος
267 1238 318 1302 καὶ
345 1238 415 1324 έλέφ
443 1243 495 1320 τῆς
521 1234 611 1321 τόχης
638 1237 797 1321 ἐπιτρέψας
823 1237 988 1323 κατήγορος
1013 1243 1123 1324 γίνεται
1148 1247 1207 1305 Νε-
1222 1266 1248 1307 10

193 1337 292 1420 μίτορι
313 1341 365 1417 τῆς
383 1332 522 1419 Ἀμολίου
544 1331 673 1418 γνάμης.
715 1330 731 1400 ὁ
755 1334 788 1398 δέ
810 1343 871 1411 τοῖς
896 1337 981 1400 παισὶ
998 1334 1134 1419 δηλώσας
1156 1336 1209 1403 τόν

192 1431 388 1517 κατειληφότα
410 1435 554 1497 κίνδυνον
576 1430 686 1508 αὐτοὺς
708 1433 758 1497 καί
780 1431 1072 1518 παρακελευσάμενος
1094 1434 1208 1521 άνδρας

193 1529 330 1618 άγαθοῖις
352 1531 492 1616 γενέσθαι
513 1536 615 1614 παρῆν
635 1529 719 1616 άγων
737 1526 939 1615 ὡπλισμένους
957 1533 1006 1596 έπλ
1022 1530 1058 1598 τά
1076 1538 1208 1618 βασίλεια

193 1636 252 1695 τῶν
277 1655 307 1694 τε
335 1628 432 1693 άλλων
458 1635 590 1694 πελατῶν
617 1631 668 1692 καὶ
695 1630 818 1713 ἑταίρων
845 1631 895 1695 καί
921 1636 1083 1714 θεραπείας
1105 1640 1209 1717 πιστῆς

194 1737 275 1813 χεῖρα
294 1724 349 1793 οίικ
368 1724 478 1812 ὀλίγην.
514 1720 590 1810 ἧκον
608 1727 641 1792 δὲ
659 1729 710 1792 καί
728 1731 760 1793 οί
775 1729 807 1792 ἐκ
827 1735 887 1793 τῶν
900 1727 1000 1814 άγρῶν
1014 1730 1208 1809 συνελθόντες
1222 1754 1248 1795 15

194 1830 236 1904 είς
253 1825 308 1910 τὴν
326 1825 414 1891 πόλιν
433 1823 599 1903 ἐκλιπόντες
616 1824 670 1910 τὴν
688 1823 815 1911 άγορδιν,
839 1828 952 1911 ἔχοντες
971 1825 1029 1893 ὑπὸ
1047 1837 1111 1906 ταῖς
1128 1853 1209 1913 περι-

194 1930 297 2008 βολαῖς
324 1928 396 2008 ξίφη
425 1924 623 2008 κεκρυμμένα,
653 1933 755 2007 στῖφος
781 1923 930 2010 καρτερόν.
972 1925 1145 2009 βιασάμενοι
1175 1929 1209 1992 δέ

194 2021 249 2106 τὴν
272 2026 390 2089 είσοδον
413 2019 512 2110 άθρόχι
535 2019 611 2110 ὁρμῇ
633 2020 742 2099 πάντες
765 2021 802 2089 οίι
824 2033 944 2101 πολλοῖς
967 2022 1097 2102 ὁπλίταις
1115 2052 1209 2109 φρου-

195 2123 344 2206 ρουμένην
367 2118 609 2202 άποσφάττουσιν
638 2119 765 2198 είιπετῶς
788 2119 927 2204 Ἀμόλιον
953 2125 1003 2186 καί
1030 2121 1100 2204 μετὰ
1122 2131 1208 2190 τοῦτο

195 2217 251 2302 τὴν
264 2217 359 2304 άκραν
372 2217 653 2302 καταλαμβάνονται.
685 2225 784 2283 Ταῖιτα
798 2218 852 2301 μέν
866 2213 922 2284 οὖν
935 2227 996 2296 τοῖς
1009 2221 1076 2302 περί
1091 2215 1209 2303 Φάβιον
1223 2245 1250 2286 εο

194 2320 314 2399 εἴρηται.
330 2346 372 2370 --
385 2321 591 2381 Ρίιιί.1λοιιι.3
607 2313 788 2400 Ἐνθέμενος
801 2310 857 2382 οὖν
871 2319 913 2393 είς
927 2314 1048 2399 σκάφην
1060 2313 1096 2381 τά
1110 2318 1209 2402 βρέφη

194 2414 302 2498 κατέβη
331 2414 385 2496 μέν
412 2415 460 2478 έπλ
485 2411 538 2478 τδν
560 2411 694 2496 ποιαμδν
717 2411 757 2490 ὡς
779 2417 891 2500 ῥίψαν·
917 2411 994 2479 ίδολν
1017 2413 1051 2478 δέ
1073 2412 1210 2481 κατιόντα

195 2519 293 2601 πολλῷ
320 2510 441 2598 ῥεύματι
467 2512 517 2577 καί
544 2509 764 2596 τραχυνόμενον
786 2514 878 2577 ἔδεισε
905 2521 1096 2596 προσελθεῖν,
1123 2513 1210 2598 ίγγδς

197 2610 229 2674 δὲ
251 2616 303 2694 τῆς
326 2609 422 2694 ὄχθης
443 2611 584 2687 καταθείς
604 2604 813 2693 άπηλλάσσετο.
848 2618 902 2677 τοῦ
920 2611 953 2677 δέ
970 2618 1210 2696 ποταμοῖικατα-

196 2706 352 2786 πλάζοντος
370 2705 390 2792 ἡ
408 2707 569 2792 πλημμάρα
585 2705 641 2792 τὴν
659 2703 783 2791 σκάφην
799 2705 994 2793 ὑπολαβοῦσα
1010 2712 1062 2776 καί
1080 2713 1209 2794 μετεωρί·
1223 2732 1250 2774 ιε

197 2827 274 2873 σασα
299 2804 404 2898 πράως
430 2805 607 2892 κατήνεγκεν
635 2811 677 2885 είς
704 2811 812 2891 χωρίον
839 2809 974 2886 ἐπιεικῶς
1001 2804 1210 2891 μαλθακόν,δ

196 2913 255 2971 νῦν
276 2903 435 2992 Κερμαλδν
457 2911 594 2987 καλοῦσι,
617 2903 709 2971 πάλαι
731 2905 764 2970 δέ
786 2904 949 2991 Γερμανόν.
967 2943 1004 2953 —-
1027 2903 1079 2994 (4)
1095 2900 1156 2971 Ἠν
1178 2906 1211 2971 δέ

197 3007 323 3088 πλησίον
345 3002 471 3089 έρινεός,
492 3001 530 3070 δν
552 2999 746 3087 Ῥαμινάλιον
768 3004 905 3071 ἐκάλουν.
928 3042 966 3052 -
997 3003 1149 3071 Ἐνταδθα
1172 3003 1209 3090 δὴ

196 3110 258 3178 τοῖς
285 3102 407 3184 βρέφεσι
433 3103 579 3187 κειμένοις
605 3098 660 3187 τήν
687 3127 717 3167 τε
743 3102 888 3169 λόκαιναν
914 3107 1062 3189 ἱστοροῦσι
1083 3106 1210 3186 θηλαζο-

198 3199 292 3283 μένην
317 3201 367 3264 καί
395 3199 620 3284 δρυοκολάπτην
645 3199 712 3266 τινὰ
739 3211 876 3287 παρεῖναι
903 3203 1137 3286 συνεκτρέφοντα
1161 3202 1212 3266 καλ
1225 3224 1266 3266 εο.

173 3333 174 3338 1
197 3294 439 3378 φυλάττοντα-
450 3295 504 3385 (6)
521 3297 565 3364 Τὰ
579 3300 612 3364 δέ
626 3300 723 3384 βρέφη
738 3299 911 3378 Φανστόλος
924 3298 1082 3384 ’Λμουλίου
1101 3318 1213 3384 συφορ·

198 3393 252 3478 βδς
274 3392 402 3461 ἀνείλετο
424 3395 528 3463 λαθιδν
550 3392 692 3476 ἅπαντας.
716 3435 758 3446 -
785 3404 937 3483 κληθῆναι
961 3395 995 3461 δέ
1017 3397 1068 3461 καί
1089 3395 1212 3476 τοάτους

198 3490 258 3558 ἀπὸ
276 3500 328 3578 τῆς
345 3501 444 3578 &Me
461 3499 610 3580 ιστοροοτι
623 3493 773 3580 Ῥωμιιπ
785 3493 966 3578 κατένεμον.
984 3531 1023 3542 -
1034 3491 1077 3558 Ἦ
1086 3495 1141 3579 μιν
1154 3488 1211 3564 τοι

198 3592 232 3656 ἒν
253 3600 314 3671 τοῖς
337 3591 469 3677 σάμασιν
492 3591 624 3679 εὐγένεια
642 3596 692 3660 καί
710 3599 828 3679 νηπίαν
850 3592 945 3662 όντων
964 3590 1058 3672 εὐθὺς
1076 3594 1212 3677 έξέφαινε

1312 3661 1313 3750 λ

1308 3775 1313 3844 ε
