2638 4056
167 203 232 270 218
504 201 676 260 CORNELII
694 201 850 260 NEPOTIS

133 348 168 419 3.
190 355 316 416 IIr'oron.
331 355 369 416 de
382 357 442 416 uir.
457 357 498 415 ill.
522 353 562 415 II
567 373 599 432 p.
613 353 676 416 821
692 354 765 416 Veli.
793 352 840 416 lle
860 355 951 416 viris
969 353 1186 416 illustribus

168 445 355 523 scripserunt
368 475 410 487 —
426 442 504 521 apud
523 442 644 506 Latinos
659 441 760 524 Varro,
785 441 900 524 Santra,
919 441 1033 524 Nepos,
1050 442 1185 523 Hyginus

168 540 255 594 et-
275 530 474 612 Tranquillus.
511 533 600 594 Com.
623 533 696 610 Nep.
715 532 803 593 XXI
819 533 885 606 1,1
918 529 957 593 lii
979 532 1042 594 fere
1065 532 1187 594 luerunt

168 621 298 684 Graecae
316 622 414 701 gentis
432 620 534 703 duces,
552 623 605 701 qui
623 623 766 682 memoria
784 620 867 700 digni
886 622 1054 701 uideantur,
1067 628 1187 701 praeter

167 727 263 789 reges.
294 727 421 789 namque
445 728 497 770 cos
520 712 667 790 attIngere
690 709 854 790 noluimus,
878 709 958 789 quod
981 712 1115 773 omnium
1137 723 1214 772 reso
1306 757 1309 794 ,

168 807 269 879 gestae
288 801 448 878 separatim
466 807 537 860 sunt
554 798 672 861 relatae.
696 800 797 862 Hauc.
811 799 861 874 13,
876 800 898 859 4
922 799 981 861 Sed
995 817 1051 861 nos
1068 807 1187 878 tempus

169 896 217 950 est
238 888 328 953 huius
351 887 421 950 libri
444 889 542 950 Iacere
565 889 655 950 finam
678 895 709 950 et
731 887 935 950 Romanorum
962 888 1111 968 explicare
1134 891 1188 950 im·

168 984 331 1057 peratores.
354 985 410 1040 eto.

133 1059 169 1129 4.
197 1068 285 1128 Corn.
300 1068 374 1144 Nep.
393 1067 525 1142 dacio
540 1065 636 1128 Huius
651 1065 707 1144 [M.
726 1065 861 1146 Catones]
881 1066 922 1129 de
942 1068 1018 1129 uita
1032 1075 1067 1128 et
1080 1069 1186 1128 mori·

169 1155 235 1217 bus
249 1155 335 1235 plura
348 1157 380 1216 in
393 1174 429 1216 eo
438 1154 515 1217 libro
525 1157 677 1235 persecuti
692 1173 804 1236 sumus,
818 1173 908 1236 mem
923 1157 1082 1236 separatim
1101 1156 1137 1217 de
1152 1174 1187 1217 ec

169 1244 295 1306 fecimus
313 1252 420 1323 rogatu
441 1243 474 1306 Τ.
492 1244 648 1324 Pomponii
666 1245 767 1326 Attici,
786 1263 879 1326 quare
902 1245 1052 1308 studiosos
1067 1244 1187 1307 Catonis

170 1333 207 1394 ad
231 1331 303 1394 illud
327 1333 468 1396 uolumen
492 1333 671 1414 delegamus.
1201 1345 1228 1385 10

135 1416 170 1485 ὅ.
198 1423 332 1484 Cornelii
348 1425 471 1500 Nepotis
491 1422 669 1500 fraumenta
687 1427 783 1486 latent
801 1427 832 1485 in
852 1425 929 1484 Plio.
948 1442 977 1484 n.
998 1425 1027 1483 b.
1045 1441 1105 1486 seo.
1125 1424 1186 1485 ind.

170 1514 202 1573 t'n
225 1513 312 1573 libras
338 1513 404 1573 VII.
424 1513 500 1573 XII.
520 1512 697 1573 XXXIIII.

424 1699 691 1758 CHRONIOORVM
707 1699 933 1757 FRAGMENTA

262 1808 320 1875 l*.
344 1814 460 1876 Minae.
479 1816 542 1876 Fal.
566 1815 671 1878 Oetae.
690 1815 739 1890 21,
759 1815 781 1874 4
818 1813 980 1875 Saturnum
1004 1816 1084 1875 enim
1106 1815 1187 1893 prin·

170 1904 267 1982 cipem
281 1901 372 1963 huius
386 1906 504 1982 generis
519 1911 550 1965 et
564 1905 706 1966 examinis
724 1921 827 1964 omncs
847 1905 1010 1982 scriptores
1029 1905 1188 1965 uetustatIs
1308 1915 1309 1946 I

171 1991 277 2053 Graeci
294 1991 478 2072 Romanique
496 1993 647 2053 hominem
665 1991 870 2071 prodiderunt.
894 1994 953 2054 scit
964 1992 1022 2053 hoo
1040 1990 1140 2072 Nepos
1159 1999 1230 2052 ct1⁵

171 2079 291 2142 Cassius
314 2083 346 2141 in
368 2080 492 2142 historia
516 2089 546 2142 et
569 2099 596 2160 q.
612 2100 634 2141 s
650 2107 692 2132 ==
711 2083 792 2143 Coss.
809 2080 851 2158 fr.
865 2082 886 2142 1
900 2101 932 2160 p.
947 2081 999 2143 68.

262 2164 295 2231 2.
322 2171 394 2231 Geli.
413 2171 517 2230 XVII
530 2169 619 2244 21,3
643 2169 808 2250 Vtrumque
833 2169 1011 2248 [Homerum
1034 2177 1064 2232 et
1085 2171 1189 2232 Hesio·
1308 2179 1309 2238 3

172 2256 255 2337 dam]
281 2266 349 2319 ante
367 2258 662 2332 RomamcondItam
684 2261 806 2340 uixisse,
830 2259 932 2320 Siluiis
951 2258 1041 2320 Albae
1065 2276 1189 2338 regnan-

172 2346 261 2428 tibus,
279 2380 316 2392 -
333 2355 401 2408 anta
420 2346 543 2407 Romam
562 2355 662 2409 autem
680 2348 843 2431 conditam,
865 2355 900 2410 ut
919 2347 1074 2410 Cornelius
1090 2346 1189 2427 Nepos

171 2436 204 2496 in
226 2438 323 2514 primo
347 2436 488 2498 chronico
512 2435 548 2497 dc
567 2435 696 2498 Homero
715 2438 797 2517 dicit,
820 2440 906 2499 aunis
929 2439 1050 2498 circiter
1068 2444 1189 2498 centum
1204 2448 1231 2489 20

173 2533 204 2586 et
226 2527 385 2604 sexaginta.
409 2518 486 2602 (uid.
505 2526 587 2586 Coss.
603 2524 646 2602 fr.
660 2525 682 2587 8
696 2545 727 2603 p.
745 2520 806 2610 70)
829 2527 955 2588 Hieron.
974 2528 1080 2588 chron.
1100 2529 1145 2587 od
1161 2545 1189 2586 a.

173 2614 246 2675 Abr.
261 2615 348 2674 1104
363 2633 394 2691 p.
411 2612 456 2673 ⁶9
473 2614 543 2675 Sela.
572 2613 606 2680 ln
629 2613 733 2676 Latina
756 2615 881 2676 historia
904 2614 978 2675 haec
1001 2614 1038 2676 ad
1061 2612 1188 2676 uerbum
1308 2689 1309 2696 ἵ

172 2701 283 2764 scribta
297 2703 497 2782 repperimus:
518 2704 648 2783 Agrippa
662 2713 733 2784 aput
747 2703 869 2765 Latinos
883 2711 1026 2783 regnante
1040 2701 1187 2764 Homerus
1283 2707 1287 2712 “
1308 2713 1309 2768 l

171 2798 259 2870 poeta
287 2794 317 2851 in
342 2791 464 2851 Graecia
487 2791 608 2874 claruit,
636 2801 670 2854 ut
697 2801 846 2854 testantur
868 2792 1066 2872 Apollodorus
1093 2809 1189 2870 gram·

171 2882 299 2941 matious
317 2887 349 2940 et
365 2878 516 2942 Euforbus
535 2881 706 2963 historicus,
724 2879 748 2962 †
767 2889 835 2943 ante
853 2881 961 2944 urbem
978 2881 1101 2943 Romam
1120 2899 1188 2943 oon·
1204 2891 1231 2933 2⁵

172 2969 500 3044 ditamann.oxxl111,
523 2979 562 3051 et,
584 2979 621 3032 ut
642 2973 683 3033 alt
701 2969 857 3032 Cornelius
876 2969 984 3051 Nepos,
1008 2979 1076 3032 ante
1099 2969 1189 3050 olym-

172 3056 289 3137 piadem
312 3059 439 3136 primam
461 3077 529 3120 ann.
549 3074 577 3123 o.

110 3159 162 3210 '151
264 3141 323 3208 3*.
347 3147 439 3208 Solio.
454 3148 477 3208 Ι
485 3149 531 3209 27
549 3148 673 3209 Romam
686 3148 842 3229 -placet
860 3147 1010 3210 conditam
1024 3179 1067 3192 -
1080 3146 1191 3225 Nepoti

91 3309 94 3316 .
174 3242 205 3295 ct
231 3233 350 3296 Lutatio
375 3235 433 3313 [fr.
456 3235 506 3316 6],
533 3239 690 3316 opiniones
717 3236 924 3299 Eratosthenis
959 3245 990 3298 et
1017 3234 1190 3315 Apollodori

174 3323 446 3405 comprobantibus,
470 3325 645 3405 olympiadis
668 3328 812 3404 septimae
835 3345 912 3388 anno
937 3324 1078 3387 secundo.
1205 3338 1232 3378 ³⁰

262 3407 296 3475 4.
323 3416 395 3476 Gall.
409 3415 512 3474 XVII
525 3414 574 3489 21,
593 3414 614 3476 8
641 3415 853 3477 Archilochum
876 3421 975 3476 autem
997 3413 1097 3493 Nepos
1120 3411 1191 3474 Cor-

173 3499 271 3563 nelius
295 3502 409 3582 tradit,
444 3500 530 3564 Tullo
561 3502 687 3564 llostilIo
719 3511 862 3582 regnante
896 3505 955 3564 ianr
992 3511 1064 3565 tunc
1097 3503 1190 3564 luisse

174 3594 319 3669 poematis
342 3590 455 3653 clarum
478 3598 509 3651 ct
531 3591 670 3654 nobilem.
