2638 4056
186 228 252 294 222
523 227 695 287 CORNELII
712 227 869 286 NEPOTIS
1312 219 1313 250 l

184 381 246 448 cari
269 396 358 459 quam
382 376 469 458 culpa
488 396 608 440 uacare.
636 377 711 439 Nam
729 384 832 458 petere
851 381 969 440 ueniam
994 377 1133 457 solemus,
1151 357 1202 440 aul

183 486 252 530 cum
275 467 471 547 inprudentes
490 469 657 529 errauimus
676 475 816 530 anteum
837 466 984 549 comprdsi
1001 468 1202 547 pecoaaimus.

183 556 260 637 Tibi,
278 558 385 638 inquit,
404 574 457 617 oro
476 563 515 638 te,
540 555 768 638 quis-perpulit,
786 564 821 618 ut
839 556 870 619 id
890 558 1101 638 committeres,
1122 555 1202 636 qnod

182 648 357 726 priusquam
390 645 518 726 laceres,
551 654 683 726 peteres,
709 654 746 706 nt
776 641 1004 726 ignosceretur’.
1051 645 1204 724 Scriptum

183 734 240 795 hoc
263 742 310 795 est
333 736 365 794 in
387 733 465 795 libro
488 733 609 796 Corneli
625 733 750 813 Nepotis
773 733 810 796 de
834 733 1012 796 inlustribus
1037 736 1111 796 uiris
1129 745 1231 796 xm.⁵

184 816 250 907 (Ex
276 825 371 885 Gellio
395 824 534 885 Moerob.
557 830 614 885 sot.
633 823 737 902 praef.
752 816 819 907 14.)

273 925 330 993 16.
341 929 432 991 Libri
443 947 510 991 mss.
526 931 693 1007 CormNep.
709 933 740 992 in
751 933 816 1004 sine
828 929 925 992 Verba
940 948 975 993 ex
990 927 1116 1009 epistula
1131 927 1202 991 Cor-

181 1019 277 1082 neliae
296 1017 499 1080 Gracchorum
522 1019 626 1080 matris
649 1037 686 1079 ex
708 1017 785 1080 libro
805 1018 936 1080 Cornelii
952 1018 1076 1097 Nepotis
1097 1017 1133 1078 de
1147 1015 1201 1078 La-

182 1109 254 1170 tinis
285 1107 438 1169 historicis
471 1114 625 1186 excerpta:
656 1104 743 1168 Dices
775 1106 938 1187 pulchrum
969 1124 1035 1168 esse
1064 1107 1202 1168 inimicos

181 1197 295 1259 ulcisci.
332 1194 363 1259 id
391 1213 488 1275 neque
512 1197 607 1257 maius
636 1213 733 1275 neque
760 1196 917 1276 pulchrius
945 1198 1084 1275 cuiquam
1112 1202 1201 1275 atque
1216 1207 1245 1248 10

181 1285 256 1348 mihi
279 1303 345 1346 esse
368 1285 503 1366 uidetur,
527 1285 579 1345 sed
608 1287 635 1345 si
663 1284 752 1347 liceat
774 1305 808 1347 re
831 1285 951 1365 publica
973 1283 1055 1345 salua
1077 1303 1112 1344 ea
1135 1302 1202 1363 per·

181 1376 276 1454 sequi.
314 1374 366 1435 sed
394 1379 542 1453 quatenus
569 1373 600 1434 id
628 1374 695 1436 lieri
722 1393 781 1436 non
809 1382 923 1456 potest,
945 1371 1039 1434 multo
1067 1380 1202 1453 tempore

180 1462 342 1543 multisque
370 1460 507 1541 partibus
529 1464 644 1525 inimici
666 1466 761 1527 nostri
785 1482 844 1525 non
867 1461 1008 1543 peribunt
1031 1469 1135 1543 atque,
1157 1464 1203 1524 uti

161 1568 261 1613 nuno
295 1559 378 1631 sunt,
412 1558 502 1613 erunt
533 1554 634 1638 potius
667 1571 756 1632 quam
788 1570 838 1613 res
870 1551 989 1631 publica
1025 1549 1202 1631 profligetur
1312 1541 1313 1556 ¹

181 1649 270 1720 atque
293 1647 404 1719 pereat.
1215 1653 1245 1693 rs

270 1743 383 1807 Eadem
414 1744 471 1807 alio
503 1744 582 1808 loeo:
615 1745 720 1811 Verbis
747 1748 901 1826 conceptis
929 1747 1063 1807 deierare
1096 1747 1201 1828 ausim,

180 1841 391 1914 praeterquam
415 1837 468 1915 qui
490 1833 645 1899 Tiberium
668 1835 836 1898 Gracchum
866 1843 1026 1916 necarunt,
1050 1837 1201 1896 neminem

180 1925 335 1985 inimicum
359 1931 475 1986 tantum
498 1923 651 1987 molestiae
670 1933 845 2004 tantumque
863 1923 983 2006 laboris,
1006 1931 1150 2004 quantum
1169 1930 1200 1984 te

182 2011 219 2074 ob
229 2011 283 2074 has
293 2031 351 2093 res,
362 2012 435 2075 mihi
450 2010 621 2076 tradidisse:
636 2032 725 2094 quem
739 2013 896 2093 oportebat
910 2016 1043 2075 omnium
1055 2031 1200 2094 meorum,

180 2119 256 2182 quos
279 2101 403 2163 antehac
426 2101 519 2164 habui
545 2101 670 2184 liberos,
693 2105 787 2181 partis
808 2100 938 2182 [eorum]
958 2101 1085 2164 tolerare
1109 2109 1198 2182 atque
1214 2108 1243 2149 ¹⁰
1312 2125 1313 2164 t

180 2208 296 2274 curare,
310 2199 446 2270 utquam
460 2193 617 2253 minimum
636 2190 845 2254 sollicitudinis
859 2193 891 2252 in
911 2200 1030 2253 senecta
1048 2190 1199 2272 haberem,

179 2279 294 2360 utique,
317 2297 513 2360 quaeeunque
532 2298 646 2363 ageres,
669 2298 702 2343 oa
721 2279 815 2342 uelles
833 2282 960 2342 maxime
978 2279 1053 2342 mihi
1071 2280 1198 2360 plaeere,

179 2375 268 2446 atque
291 2370 337 2429 uti
359 2369 442 2430 nefas
465 2367 591 2430 haberes
619 2386 721 2452 rerum
750 2371 896 2431 maiorum
920 2368 1080 2430 aduersum
1102 2385 1198 2430 meam

179 2458 357 2518 sententiam
385 2459 545 2537 quicquam
572 2458 683 2539 tacere,
710 2460 888 2538 praesertim
914 2457 1002 2538 mihi,
1030 2460 1080 2520 cui
1106 2473 1198 2536 parua

179 2563 249 2623 pars
263 2548 342 2608 uitae
358 2553 503 2624 superest.
528 2563 565 2606 ne
579 2547 610 2607 id
625 2547 746 2627 quidem
760 2555 821 2608 tam
838 2546 931 2608 breue
951 2549 1079 2627 spatium
1097 2552 1196 2625 potest
1209 2550 1238 2590 2⁵

178 2634 326 2716 opitulari,
341 2636 414 2715 quin
428 2633 546 2696 etmihi
560 2634 720 2697 aduersere
740 2644 770 2698 et
787 2654 851 2697 rem
866 2635 1016 2715 publicam
1033 2629 1197 2713 prolliges?

178 2722 307 2803 denique
331 2741 406 2802 quae
429 2741 522 2803 pausa
545 2721 625 2786 erit?
648 2724 802 2805 ecquando
826 2725 943 2787 desinet
961 2723 1070 2785 familia
1093 2727 1195 2781 nostra

177 2809 332 2874 insanire?
355 2811 508 2891 ecquando
528 2813 634 2874 modus
653 2815 682 2874 ei
700 2816 745 2875 rei
762 2813 867 2875 haberi
885 2807 1018 2892 poterit?
1040 2809 1195 2889 ecquando

177 2900 348 2964 desinemus
376 2908 407 2962 et
433 2899 578 2962 hahentes
606 2909 636 2963 et
662 2902 841 2980 praebentes
868 2900 1012 2963 molestiis
1034 2894 1197 2961 insistere?

178 2989 332 3068 ecquando
355 2990 556 3070 perpudesoet
578 2991 730 3052 miscenda
753 3000 842 3072 atque
865 2988 1067 3071 perturbanda
1089 3006 1122 3049 re
1140 3006 1195 3066 pu·
1209 2993 1238 3034 ³⁰

176 3075 276 3140 blica?
304 3078 364 3139 Sed
387 3080 413 3139 si
436 3080 556 3140 omnino
579 3079 609 3141 id
633 3080 699 3141 lieri
722 3097 782 3142 non
805 3083 913 3160 potest,
931 3077 984 3140 uhi
1006 3095 1060 3156 ego
1079 3084 1196 3137 mortua

177 3184 238 3248 ero,
261 3169 355 3246 petito
380 3165 579 3230 tribunatum:
607 3186 663 3247 per
684 3187 732 3230 me
755 3169 844 3230 facito
868 3167 948 3248 quod
970 3165 1098 3244 luheblt,
1126 3175 1196 3225 oum

177 3273 232 3335 ego
256 3274 316 3319 non
340 3258 472 3317 sentiam.
501 3255 554 3317 ubi
577 3265 693 3319 mortua
717 3275 782 3337 ero,
805 3254 976 3335 parentahis
999 3251 1073 3313 mihi
1095 3260 1126 3312 et
1148 3254 1194 3314 in·

177 3342 300 3406 uocabis
319 3344 408 3405 deum
427 3353 590 3425 parentem.
614 3348 645 3406 in
659 3364 695 3408 eo
710 3353 843 3423 tempore
858 3359 918 3404 non
936 3341 1029 3420 pudet
1043 3349 1073 3402 te
1088 3358 1193 3403 eorum

178 3433 265 3494 deum
281 3451 387 3513 preces
402 3441 551 3516 expetere,
570 3453 646 3514 quos
664 3436 751 3495 uiuos
770 3439 858 3510 atque
877 3437 1049 3509 praesentes
1072 3429 1193 3491 relictos
1208 3439 1237 3479 ³⁵

177 3528 266 3602 atque
290 3523 426 3584 desertos
449 3515 612 3585 habueris?
642 3541 680 3583 ne
703 3521 753 3582 ille
781 3521 848 3580 sirit
874 3518 990 3600 Iupiter
1016 3528 1046 3582 te
1070 3537 1104 3580 ea
1126 3535 1194 3598 per·
1312 3517 1313 3600 l

177 3629 326 3696 seueram,
345 3611 401 3674 rlec
420 3611 475 3674 tihi
493 3618 605 3673 tantam
629 3609 807 3671 dementiam
825 3611 930 3671 uenire
947 3611 979 3670 in
998 3606 1142 3670 animuml
1162 3619 1193 3670 et
1312 3601 1313 3650 l
