2638 4056
188 221 254 292 224
524 214 872 274 conununnurorrs

188 370 299 452 quibus
321 368 400 431 edita
423 375 478 448 est,
500 385 566 430 eam
587 385 643 446 pro
667 365 814 447 Cornelio,
838 365 979 428 seditioso
1003 364 1133 447 tribuno,
1156 365 1205 428 de-

188 461 354 522 sensionem
376 464 553 538 peroratam.
997 511 999 516 .

445 626 703 684 exauctoravit
720 626 950 683 FRAGMENTA

280 737 313 805 l.
341 744 459 804 Ultoris.
475 743 497 802 Ι
502 759 533 818 p.
548 741 614 802 14⁶
628 743 666 802 K.
695 738 820 802 vestale.
843 739 942 821 Nepos
960 741 1165 821 exemplorum
1179 740 1206 802 ss

189 827 218 894 ‘a
240 833 359 911 uirgine
381 826 509 892 Vestale'
533 832 632 911 inquit
651 849 706 910 pro
729 828 852 911 Vestali,
876 833 1024 911 quianon
1047 848 1205 911 personam

84 939 87 944 ·
189 922 241 983 sed
265 939 330 982 rem
353 921 507 1000 significat.
1218 925 1231 965 ⁵

278 1014 311 1081 2.
337 1017 583 1099 0e11.VJ18‚2
611 1018 684 1078 Post
705 1017 852 1095 proelium
875 1017 1029 1080 Cannense
1052 1015 1206 1097 Hannibal,
1307 1049 1308 1052 κ

187 1107 479 1186 Carthaginiensium
511 1107 685 1188 imperator,
720 1124 757 1167 er
789 1109 917 1186 captiuis
953 1107 1064 1168 nostris
1095 1105 1206 1167 electos

187 1196 294 1258 decem
312 1196 437 1257 Romam
459 1197 542 1256 misit
560 1195 772 1276 mandauitque
795 1197 840 1257 eis
862 1205 1028 1276 pactusque
1046 1201 1101 1276 est,
1119 1201 1162 1276 ut,
1181 1196 1207 1256 si

187 1284 299 1365 populo
318 1285 450 1346 Romano
469 1283 633 1365 uideretur,
652 1286 831 1363 permutatio
850 1285 937 1347 ficret
955 1286 1150 1364 captiuorum.
1165 1315 1204 1328 -—

188 1374 255 1455 boc,
278 1376 454 1453 priusquam
477 1373 749 1455 proficiscerentur,
772 1376 820 1435 ius
843 1374 1001 1435 iurandum
1025 1391 1076 1434 eos
1100 1372 1206 1453 adegit,
1222 1379 1249 1420 ¹⁰

190 1463 342 1524 redituros
365 1479 431 1524 esse
455 1464 486 1522 in
510 1470 607 1523 castra
629 1462 767 1544 Poenica,
789 1466 817 1524 si
839 1463 965 1524 Romani
988 1464 1122 1541 captiuos
1144 1471 1205 1522 non

189 1559 404 1632 permutarent.
441 1550 571 1613 Veniunt
598 1552 721 1613 Romam
749 1552 851 1612 decem
879 1552 1003 1632 captiui,
1035 1550 1207 1612 mandatum
1308 1541 1309 1614 ἦ

190 1640 281 1702 Poeni
304 1642 493 1719 imperatoris
515 1643 546 1700 in
568 1648 675 1702 senatu
699 1649 864 1721 exponunt,
886 1641 1066 1720 permutatio
1090 1643 1208 1701 senatui

189 1747 249 1790 non
273 1728 390 1808 placita.
405 1763 448 1772 -
463 1737 526 1791 tum
549 1737 617 1790 octo
641 1747 677 1791 ex
700 1729 748 1791 bis
770 1728 987 1808 postliminium
1009 1729 1123 1790 iustum
1146 1747 1206 1790 non

189 1835 256 1878 esse
292 1817 350 1879 sibi
381 1818 615 1900 responderunt,
648 1820 788 1899 quoniam
825 1818 940 1878 deiurio
972 1819 1068 1879 uincti
1099 1819 1250 1898 lorent,1⁵

191 1908 366 1988 statimque,
388 1909 434 1969 uti
456 1909 545 1970 iurati
569 1917 667 1989 erant,
696 1908 733 1968 ad
755 1905 949 1968 Hannibalem
977 1906 1105 1986 proiecti
1127 1915 1206 1968 sunt.

190 1995 250 2057 duo
273 1995 382 2076 reliqui
405 1996 515 2058 Romae
538 2004 713 2058 manserunt
736 1994 908 2075 solutosque
931 2014 998 2058 esse
1022 2014 1054 2058 se
1077 2015 1111 2058 ac
1134 1995 1207 2058 libe·

189 2093 270 2146 ratos
284 2083 427 2165 religione
442 2085 589 2166 dicebant,
600 2087 748 2165 quoniam,
758 2102 827 2146 cum
841 2087 954 2165 egressi
968 2092 1066 2147 castra
1075 2085 1207 2147 hostium
1309 2143 1310 2148 ,

189 2173 326 2252 luissent,
349 2177 557 2236 commenticio
580 2173 704 2235 oonsilio
722 2176 853 2252 regressi
871 2175 985 2257 eodem,
1009 2183 1160 2256 tamquam
1179 2176 1206 2234 si

190 2260 229 2323 ob
247 2261 375 2341 aliquam
393 2263 546 2324 fortuitam
565 2278 683 2324 causam
702 2264 798 2324 issent
816 2270 906 2343 atque
924 2266 965 2325 ita
988 2265 1055 2326 iure
1079 2264 1204 2325 imando
1220 2269 1248 2308 ²⁰

189 2351 340 2412 satisfacto
355 2369 477 2413 rursum
491 2353 613 2413 iniurati
627 2349 818 2412 abissent-
826 2351 983 2414 Cornelius
998 2359 1097 2414 autem
1106 2351 1206 2432 Nepos

189 2440 221 2500 in
248 2438 325 2500 libro
353 2440 557 2519 exemplorum
585 2441 690 2518 quinto
718 2440 748 2501 id
779 2457 899 2521 quoque
926 2441 1022 2504 literis
1045 2442 1206 2518 mandauit,

189 2527 291 2590 multis
313 2531 345 2590 in
369 2537 474 2591 senatu
497 2528 654 2612 placuisse,
671 2537 706 2590 ut
728 2529 769 2612 bi,
788 2532 840 2610 qui
862 2531 961 2592 redire
984 2530 1106 2610 nollent,
1129 2528 1207 2591 datis

189 2616 364 2680 custodibus
378 2618 415 2679 ad
429 2616 624 2678 Hannibalem
638 2617 868 2701 deducerentur,
883 2619 934 2681 sed
950 2638 1013 2681 eam
1029 2621 1206 2688 sententiam

188 2723 314 2767 numero
336 2706 478 2786 plurium,
502 2706 611 2785 quibus
634 2707 665 2768 id
682 2726 743 2769 non
763 2708 928 2789 uideretur,
952 2714 1129 2786 superatam,
1152 2724 1204 2767 eos
1219 2711 1248 2752 2⁵
1282 2725 1287 2731 ·

189 2802 302 2876 tamen,
325 2797 378 2874 qui
400 2795 436 2855 ad
459 2793 654 2857 Hannibalem
677 2815 736 2858 non
761 2793 922 2878 redissent,
945 2814 1041 2875 usque
1065 2793 1138 2857 adeo
1161 2796 1206 2856 in-

189 2881 342 2945 testabiles
364 2884 538 2962 innisusque
562 2885 664 2965 luisse,
687 2894 721 2947 nt
744 2886 874 2947 taedium
897 2887 977 2946 uitae
1000 2886 1136 2964 ceperint
1154 2903 1206 2946 ne·

189 2989 315 3050 eamque
339 2971 396 3034 sibi
419 2974 630 3034 consciuerint.

279 3063 313 3132 3.
349 3070 421 3131 Gell.
453 3070 497 3130 VI
520 3070 619 3152 19,1
655 3071 797 3134 Pulcrum
833 3081 922 3153 atque
958 3071 1080 3134 liberale
1116 3081 1206 3152 atque

189 3159 410 3251 magnanimum
425 3158 536 3220 lactum
550 3159 664 3222 Tiberii
679 3161 848 3240 Sempronii
867 3161 1019 3224 Gracchi
1011 3181 1043 3222 ιιι
1062 3161 1206 3241 exemplis
1221 3175 1251 3215 aa

188 3240 353 3324 repositum
377 3255 432 3308 est.
464 3247 497 3309 ld
520 3248 688 3328 exemplum
711 3249 918 3313 huiuscemodi
940 3259 999 3311 est·
1022 3249 1054 3310 L
1074 3249 1209 3329 Scipioni

188 3335 332 3416 Asiatico,
350 3334 382 3398 P
397 3336 546 3417 Scipionis
560 3338 692 3400 Africani
710 3341 874 3418 superioris
893 3339 992 3419 fratri,
1011 3337 1043 3400 C
1057 3338 1207 3401 lirnucrus

187 3423 361 3502 Augurinus
379 3425 519 3488 tribunus
538 3425 619 3506 plebi
635 3426 759 3488 multam
778 3429 923 3507 irrogauit
940 3445 1069 3508 eumque
1088 3427 1207 3490 obeam

189 3529 308 3576 causam
331 3515 457 3594 praedes
479 3514 629 3594 poscebat.
659 3515 759 3595 Scipio
782 3516 940 3578 Africanus
963 3517 1064 3580 fratris
1087 3520 1207 3579 nomine

188 3601 225 3664 ad
248 3601 405 3682 collegium
426 3602 617 3666 tribunorum
635 3602 817 3682 prouocabat
835 3604 1029 3688 petebatque,
1053 3613 1087 3668 ut
1104 3607 1206 3668 ιιιιιιιιι
1222 3618 1251 3660 2⁵
