2620 4054
193 229 260 298 286
523 233 555 287 A.
574 228 753 285 cunuvuil
770 228 881 286 CORDI

280 443 286 455 ’
393 492 440 579 u.
474 489 769 579 cenuuuvs
802 491 1006 580 coenus

589 640 817 698 unsumouln

159 749 192 818 1.
219 756 289 818 Tae.
304 774 375 816 ακκ.
391 757 412 816 Ι
415 755 442 816 V
451 756 497 816 34
516 753 653 815 Cornelio
668 753 760 815 Cosso
774 754 877 815 Asinio
891 757 1020 836 Agrippa
1034 754 1210 826 consulibus

195 841 237 924 [a.
256 845 308 906 25.
331 843 410 932 778]
435 844 605 905 Cremutius
628 842 745 904 Cordus
769 844 952 926 postulatur,
974 863 1053 906 nouo
1077 863 1111 906 ac
1135 855 1210 906 tunc

191 937 322 1014 primum
345 933 446 996 audito
469 935 608 1014 crimine,
631 933 711 1010 quod
739 933 828 994 editis
852 933 1007 996 annalibus
1030 934 1209 1014 laudatoque

191 1022 228 1084 M.
252 1023 346 1085 Bruto
365 1023 396 1084 C.
416 1023 551 1084 Cassium
573 1021 775 1082 Romanorum
797 1021 936 1084 ultimum
959 1023 1091 1084 dixissen
1122 1041 1209 1084 accu-

191 1112 297 1174 sabant
315 1112 431 1173 Satrius
450 1109 607 1172 Secundus
630 1115 660 1170 el
677 1111 816 1172 Pinarius
834 1105 930 1192 Natta}
952 1112 1052 1174 Seiani
1075 1112 1238 1174 clientes,⁵

191 1202 221 1263 id
244 1200 439 1281 perniciabile
463 1216 529 1280 reo,
553 1207 583 1260 et
600 1199 710 1260 Caesar
728 1202 808 1262 truci
826 1200 911 1262 uultu
935 1203 1139 1263 defensionem
1159 1219 1208 1262 ac-

182 1291 314 1371 cipiens.
352 1307 441 1371 quam
469 1288 653 1368 Cremutius,
680 1289 894 1369 relinquendae
922 1293 1001 1352 ultae
1029 1300 1146 1371 certus,
1176 1292 1208 1350 in

190 1379 271 1440 hunc
295 1380 416 1440 modum
439 1394 565 1439 exorsus
587 1387 646 1439 est:
675 1375 786 1440 ‘Verba
809 1398 888 1461 mea,
911 1387 1012 1459 patres
1035 1381 1209 1460 conscripti,

190 1477 372 1547 arguuntur:
390 1469 464 1529 adeo
481 1467 627 1528 factorum
641 1468 785 1528 innocens
800 1487 876 1529 snm.
895 1501 933 1511 -—
948 1469 1075 1530 Brutum
1094 1476 1125 1530 et
1139 1467 1208 1529 Cas-

191 1559 268 1618 sium
292 1557 459 1618 laudauisse
484 1555 567 1616 dicor
589 1551 650 1618 —’.
674 1590 716 1599 -
737 1551 810 1640 (35)
833 1557 980 1636 Egressus
1004 1558 1073 1618 dein
1102 1566 1208 1619 senatu
1223 1571 1251 1610 1⁰

190 1648 282 1706 uitam
296 1646 475 1707 abstinentia
494 1645 600 1706 finiuit.
624 1644 731 1706 Libros
749 1665 804 1724 per
823 1646 932 1706 aediles
947 1646 1123 1708 cremandos
1140 1663 1208 1708 cen-

190 1752 278 1795 suere
301 1742 410 1816 patres,
434 1734 486 1796 sed
509 1742 692 1816 manserunt,
716 1735 857 1796 occultati
880 1744 910 1796 el
933 1735 1015 1797 editi.

155 1843 189 1912 2.
213 1851 272 1911 Dio
300 1852 381 1912 Casu.
400 1851 496 1912 LVII
518 1851 562 1911 24
599 1845 780 1930 Κρεμοότιος
808 1847 842 1912 δὲ
869 1845 907 1929 δὴ
931 1846 1050 1931 Κόρδος
1072 1845 1208 1932 αὐτόχειρ

189 1945 295 2011 ἑαυτοῦ
319 1945 508 2031 γενέσθαι,”
491 1973 535 2012 οτι
556 1953 597 2033 τῷ
619 1951 743 2032 Σηιανῷ
765 1945 992 2028 προσέκρουσεν,
1014 1944 1207 2066 ἠναγκάσθη

189 2069 266 2108 ουτω
289 2041 345 2128 γὰρ
369 2040 460 2108 οὐδὲν
482 2045 611 2160 ἔγκλημα
634 2043 766 2107 ἐπαίτιον
784 2045 886 2125 λαβεῖν
903 2042 1059 2136 ἠδυνηθη,
1077 2041 1182 2107 καὶ
1149 2069 1207 2128 γαρ
1222 2068 1250 2108 15

188 2141 221 2204 ἕν
243 2139 350 2216 πύλαις
371 2139 431 2223 ηδη
454 2140 553 2261 γήρως
579 2166 620 2222 ην
647 2141 697 2204 και
720 2141 916 2204 ἐπιεικέστατα
942 2139 1106 2224 ἐβεβιόκει,
1135 2138 1207 2205 ὥστε

188 2239 237 2302 ἐπι
268 2244 303 2323 τῇ
334 2235 506 2326 ἱστορίγ,“
487 2265 527 2322 ην
558 2234 649 2302 πόλαι
680 2237 750 2302 ποτὲ
781 2239 848 2321 περὶ
879 2244 938 2302 τῶν
969 2245 1010 2326 τῷ
1038 2235 1203 2323 Αὐγούστῳ

187 2335 380 2418 πραχθέντων
408 2339 562 2401 συνετεθε
559 2359 603 2398 κει
630 2333 725 2399 aad
706 2362 746 2418 ην
773 2332 863 2412 αὐτὸς
892 2333 1052 2411 ἐκεῖνος’
1035 2333 1206 2420 ανεγνιόκει,

186 2437 339 2515 κριθῆναι,
359 2432 403 2500 ότι
420 2434 472 2499 τόν
490 2458 519 2498 τε
537 2431 673 2498 Κάσσιον
695 2435 745 2498 καὶ
766 2433 819 2500 τὸν
837 2441 973 2518 Βροῦτον
995 2432 1133 2519 ἐπῄνεσε,
1155 2434 1206 2497 καὶ

186 2537 239 2596 τοῦ
266 2529 364 2614 δήμου
386 2538 439 2614 τῆς
460 2556 490 2595 τε
517 2534 629 2614 βουλῆς
655 2527 834 2614 καθήψατο,
862 2529 914 2596 τόν
941 2555 971 2596 τε
993 2535 1131 2614 Καίσαρα
1153 2530 1204 2596 καὶ
1219 2556 1251 2598 κο

185 2626 238 2694 τὸν
256 2628 432 2715 Αὔγουστον
454 2625 517 2694 εἷπε
539 2628 594 2711 μὲν
615 2626 710 2695 κακόν
733 2627 837 2709 οὐδέν,
856 2622 893 2694 od
917 2629 1016 2710 μέντοι
1046 2629 1097 2692 καὶ
1115 2624 1206 2709 ὑπερ·

187 2728 335 2808 εσὲμνυνε.
371 2724 463 2790 ταῦτά
492 2752 523 2791 τε
549 2725 606 2812 γὰρ
633 2725 759 2814 ᾐτιάθη,
787 2727 838 2789 καὶ
867 2722 918 2788 διὰ
944 2730 1035 2788 ταῦτα
1063 2720 1152 2799 αὐτός
1175 2749 1206 2788 τε

186 2822 334 2904 ἀπέθανε,
357 2823 464 2888 καὶτὰ
488 2823 698 2911 συγγράμματα
720 2821 812 2887 αὐτοῦ
843 2820 906 2886 τότε
929 2817 983 2902 μὲν
1006 2821 1039 2884 ἐν
1061 2825 1097 2909 τῇ
1120 2818 1205 2886 πόλει

186 2919 345 3006 εὑρεθέντα
375 2919 450 3005 πρὸς
481 2930 540 2987 τῶν
571 2917 767 3007 ἀγορανόμων
799 2921 849 2983 καὶ
880 2917 916 2984 τὰ
951 2919 1006 2994 ἔξω
1039 2915 1114 3002 πρὸς
1145 2925 1205 2984 τῶν

185 3019 362 3105 ἑκασταχόθι
384 3017 537 3105 ἀρχόντων
559 3017 686 3100 ἕκαόθη,
708 3016 832 3099 ὕστερον
855 3016 889 3081 δὲ
906 3013 1034 3098 ἐξεδόθη
1053 3041 1083 3080 τε
1101 3009 1202 3098 αὖθις,
1217 3044 1250 3084 25

185 3117 267 3183 ἄλλοι
293 3142 323 3182 τε
349 3114 407 3203 γὰρ
432 3121 483 3182 καὶ
509 3116 631 3198 μάλιστα
658 3112 678 3198 ἡ
701 3112 840 3200 θυγάτηρ
863 3112 958 3180 αότοῦ
983 3118 1110 3198 Μαρκία
1132 3135 1204 3178 συν-

185 3215 316 3298 ἔκρυψεν
342 3214 418 3282 αυτὰ
445 3216 496 3280 καὶ
523 3211 600 3280 πολυ
628 3207 933 3296 ἆξοοσπουὸαστότερα
960 3208 1013 3276 ὑπ’
1039 3209 1130 3295 αὐτῆς
1151 3219 1205 3295 τῆς

184 3336 237 3375 του
258 3310 381 3394 Κόρδου
405 3318 561 3395 συμφορᾶς
584 3312 704 3396 ἐγένετο.

150 3425 184 3493 θ.
208 3432 314 3494 Seneo.
339 3435 448 3492 consol.
473 3434 517 3492 ad
534 3431 689 3492 Marciam
714 3429 826 3508 [filium
849 3431 995 3491 Cremutii
1017 3446 1045 3489 α.
1063 3428 1134 3505 sere
1147 3429 1203 3490 50.

184 3519 264 3598 803]
285 3520 373 3595 224
401 3519 538 3600 Propone
562 3517 635 3580 illnd
659 3518 885 3580 acerbissimum
909 3517 964 3579 tibi
987 3524 1119 3599 tempus,
1143 3537 1248 3622 queso

187 3609 312 3669 Seianus
335 3616 450 3688 patrem
478 3616 563 3668 cuum
587 3607 689 3669 clienti
717 3627 771 3668 suo
797 3607 894 3668 Satrio
918 3606 1056 3668 Secundo
1084 3609 1202 3686 congia·
