2646 4056
191 195 234 260 84
334 197 365 252 L.
385 194 582 252 cremati
599 196 741 252 PISONIS
760 195 930 253 CENSORII
947 196 1060 252 FRVGI

191 346 302 408 dicitur
316 344 432 408 tabulas
445 348 592 426 posuisse,
606 348 722 426 scriptu
737 365 803 408 sese
817 345 983 427 abdicasse,
1003 348 1089 426 isque
1104 344 1207 407 aedilis

191 434 305 498 curulis
328 434 425 496 iactus
448 443 503 496 est.
1305 443 1306 446 ’

278 522 360 586 ldcm
389 523 442 586 Cn.
465 523 601 604 Flauius,
628 525 707 586 Anni
733 525 825 608 iilius,
853 525 964 588 dicitnr
994 525 1032 586 ad
1064 523 1209 604 collegam
1305 509 1306 538 ¹

190 614 310 676 uenisse
325 615 425 676 uisere
438 621 602 694 aegrotum.
625 631 661 674 eo
679 616 711 675 in
729 613 872 676 conclaue
890 622 1049 694 postquam
1061 615 1209 694 introiuit,

190 701 398 764 adulescentes
411 702 454 764 ibi
468 701 638 783 complures
651 702 767 764 nobiles
781 703 931 764 sedebant.
949 703 983 764 bi
996 709 1207 782 contempnen-
1222 715 1235 756 ⁵

191 799 238 854 tes
257 810 326 854 eum
344 810 502 873 assurgere
521 794 551 853 ei
569 810 656 854 nemo
675 792 779 854 uoluit.
803 791 855 852 Cn.
874 791 1005 868 Flauius,
1023 793 1102 854 Anni
1119 791 1208 872 iilius,

190 878 220 942 id
244 883 354 964 arrisit,
378 880 479 944 sellam
502 881 639 943 curulem
656 883 745 943 iussit
764 880 821 944 sibi
839 881 947 962 afferri,
970 900 1035 942 eam
1053 883 1085 941 in
1105 881 1207 941 limine

190 971 338 1051 apposuit,
353 989 390 1033 ne
405 972 473 1051 quis
486 970 606 1032 illorum
620 972 702 1032 exire
716 978 827 1051 posset,
836 971 941 1050 utique
956 969 988 1030 bi
1002 987 1105 1031 omnes
1119 971 1209 1030 inuiti

191 1059 331 1122 uiderent
345 1078 411 1122 sese
426 1063 457 1122 in
472 1059 542 1121 sella
557 1058 657 1121 curuli
670 1059 833 1121 sedentem.
844 1053 1052 1140 (=Pnn.o.t.
1058 1057 1213 1120 XXXIII

190 1149 321 1210 17-19
334 1153 412 1214 conl.
428 1149 495 1211 liu.
517 1149 617 1210 VIIII
627 1147 681 1224 46,
697 1149 811 1209 1-10.
831 1147 871 1224 cs.
887 1148 984 1210 licto.
995 1147 1038 1225 fr.
1053 1141 1117 1230 18.)
1224 1163 1250 1203 10
1305 1179 1306 1256 p

518 1337 573 1392 EX
596 1336 736 1392 LIBRIS
759 1336 888 1392 III-VII

128 1432 181 1548 {⁹3
281 1447 365 1514 28*.
390 1453 457 1514 liu.
472 1452 508 1513 X
519 1451 603 1526 9,12
626 1451 660 1513 ld
674 1470 711 1513 ne
725 1470 780 1531 pro
796 1459 878 1513 certo
892 1469 1046 1532 ponerem,
1058 1451 1208 1512 uetustior

128 1522 180 1572 4⁵⁰
191 1539 341 1604 annalium
365 1549 469 1604 auctor
491 1540 560 1602 Piso
584 1541 695 1623 effecit,
719 1543 772 1620 qui
795 1559 830 1602 oo
854 1558 931 1601 anno
954 1539 1064 1601 aediles
1088 1537 1209 1601 curules

191 1631 283 1692 luisse
307 1629 398 1693 tradit
422 1629 474 1692 Cn.
497 1629 660 1691 llomitium
683 1629 735 1691 Cn.
758 1630 779 1691 f.
803 1629 958 1692 Caluinum
982 1636 1014 1690 et
1037 1628 1087 1708 Sp.
1106 1626 1208 1689 Carui-

191 1719 264 1782 lium
287 1718 321 1790 0.
345 1719 364 1781 1.
387 1719 554 1781 Maximum.
579 1712 635 1802 (cs.
650 1720 748 1781 Licin.
764 1718 807 1795 [ν.
822 1713 887 1797 19.)
937 1753 941 1757 -

128 1789 182 1868 Ψ
281 1803 367 1872 29³⁸.
391 1810 468 1872 Ptin.
484 1826 512 1870 n.
527 1811 555 1869 b.
566 1808 651 1871 XVI
660 1808 724 1868 192
742 1807 850 1869 Mirum
865 1807 942 1887 apud
958 1809 1096 1888 antiquos
1110 1808 1208 1886 primo
1225 1819 1251 1860 15

128 1879 179 1930 491
191 1897 304 1961 Punico
332 1897 409 1961 bello
437 1897 563 1960 classem
586 1895 675 1959 Duilli
698 1899 878 1976 inperatoris
901 1896 938 1958 ab
960 1896 1068 1958 arbore
1090 1909 1137 1956 Lx
1160 1894 1209 1956 die

190 1989 357 2072 nauigasse,
373 1995 477 2051 contra
492 2005 565 2049 uero
579 1985 740 2049 Hieronem
754 2004 856 2066 regem
870 1999 962 2049 ccxx
975 2003 1068 2046 naues
1087 1983 1210 2046 eiieotas

191 2076 297 2139 diebus
320 2091 440 2140 xxxxv
463 2077 556 2139 tradit
577 2076 611 2136 L.
634 2076 712 2137 Piso.

281 2160 366 2228 30³⁸.
391 2169 468 2228 Ple'n.
488 2185 517 2227 n.
536 2168 565 2226 b.
587 2165 669 2226 VIII
682 2165 725 2225 Io
761 2162 943 2244 Elephantos
965 2162 1048 2224 ltalia
1077 2163 1210 2242 primum

191 2253 268 2316 uidit
282 2252 369 2334 Pyrri
387 2257 467 2333 rogis
485 2252 564 2315 bebo
583 2259 613 2315 et
631 2253 725 2315 boues
739 2253 836 2314 Lucas
855 2251 1015 2332 appellauit
1033 2253 1065 2312 in
1079 2249 1210 2312 Lucanis
1225 2266 1252 2306 so

191 2345 273 2404 uisos
296 2359 373 2404 anno
397 2343 481 2404 urbis
500 2355 691 2424 ccccbxxn,
709 2341 802 2403 Roma
820 2349 920 2402 autern
939 2344 970 2402 in
988 2339 1141 2420 triumpho
1159 2353 1211 2400 vn

191 2433 276 2494 annis
291 2431 326 2493 ad
342 2433 529 2511 superiorem
547 2449 706 2493 numerum
720 2431 837 2512 additis,
852 2430 954 2492 eadem
968 2429 1114 2510 plurimos
1131 2446 1210 2489 anno

190 2534 243 2582 1211
261 2521 389 2582 uictoria
406 2521 438 2583 L.
453 2519 565 2582 Metelli
582 2521 733 2601 pontificis
752 2522 783 2581 in
804 2518 904 2580 Sicilia
922 2519 960 2580 de
973 2519 1082 2580 Poenis
1097 2525 1210 2597 captos.

128 2623 288 2677 itocxmi
315 2609 399 2672 brere
423 2616 488 2685 aut,
510 2616 546 2672 ut
568 2609 702 2689 quidam,
730 2621 797 2672 cxx
825 2610 954 2669 trauecti
981 2607 1110 2688 ratibus,
1134 2625 1210 2686 quas

127 2699 180 2767 'aba‘
190 2698 338 2762 doliorum
352 2701 499 2762 consertis
514 2698 670 2760 ordinibus
685 2700 866 2778 inposuerat.
878 2697 1023 2758 -tradit
1038 2730 1082 2739 —
1091 2695 1124 2755 L.
1139 2694 1210 2756 Piso
1225 2709 1253 2750 25

190 2788 329 2851 inductos
354 2788 507 2849 dumtaxat
530 2789 561 2848 in
584 2789 698 2848 circum
717 2795 820 2867 atque,
843 2794 877 2847 ut
896 2793 1085 2866 contemptus
1104 2802 1211 2845 eorum

190 2880 382 2958 incresceret,
405 2877 442 2939 ab
465 2877 610 2957 operariis
633 2876 733 2937 hastas
755 2874 933 2955 praepilatas
952 2873 1131 2936 habentibus
1154 2891 1211 2952 per

190 2967 304 3028 circum
323 2973 420 3028 totum
435 2974 526 3028 actos.
549 2983 604 3026 nec
624 2966 695 3044 quid
715 2963 821 3026 deinde
840 2963 887 3024 bis
906 2964 1017 3025 factum
1036 2965 1085 3043 sit,
1108 2969 1211 3023 aucto·

191 3071 240 3116 res
264 3053 420 3136 explicant,
444 3058 578 3135 quinon
601 3061 708 3133 putant
730 3053 913 3114 interiectos.

129 3121 182 3204 {³}
282 3138 367 3207 dlii.
387 3146 463 3207 Ptin.
474 3164 503 3206 n.
513 3147 541 3206 b.
552 3144 618 3205 XV
628 3143 694 3203 126
711 3142 743 3202 L.
757 3141 826 3202 Piso
841 3140 940 3222 tradit,
950 3140 1103 3220 Papirium
1114 3137 1211 3200 blaso-
1226 3153 1255 3194 ao

130 3213 270 3314 ⁶²³nem,
294 3233 346 3312 qui
368 3234 484 3312 primus
506 3235 539 3295 in
561 3238 662 3293 monte
681 3230 794 3292 Albano
818 3230 1014 3310 triumphauit
1037 3229 1075 3290 de
1098 3227 1211 3309 Corsis,

129 3321 931 3472 212millii-'llllbllblliliiiiiii
947 3318 1087 3469 tilii
1111 3413 1211 3468 net

130 3461 181 3468 ·--
357 3450 366 3472 ⁸
453 3458 458 3471 ·
629 3458 638 3487 r

130 3479 324 3560 ⁶4²lrostium
346 3506 514 3580 expugnata
537 3499 629 3560 ductu
652 3497 684 3558 L.
708 3496 812 3559 Marcii
838 3495 1070 3574 [postmortem
1093 3497 1211 3574 Salpio·

192 3605 263 3652 num
287 3591 319 3650 in
338 3585 503 3666 Ib'spnnio]
526 3621 574 3650 -.
602 3586 670 3648 Piso
695 3589 826 3668 quinquo
849 3584 930 3648 milia
952 3584 1117 3668 hominum,
1140 3604 1211 3647 cum
1227 3597 1258 3639 ³⁵
