2670 4058
180 213 223 278 72
323 255 324 260 1
358 258 360 263 -
508 213 539 268 L.
559 210 674 268 cassu
692 211 863 268 nemetae

179 361 303 444 poribus
327 370 357 423 et
384 361 458 424 locis
486 369 554 442 post
582 362 762 424 sacrificium
789 361 840 424 dle
865 369 986 440 postero
1014 360 1200 424 celebratum

180 451 255 512 male
275 453 402 513 cessisse
421 450 602 513 conflictum.
640 458 711 512 trano
730 457 831 529 patres
849 451 983 531 iussisse,
1002 459 1036 511 ut
1055 449 1091 510 ad
1110 449 1200 510 colle·

180 543 262 624 gium
284 541 460 620 pontificum
484 540 520 601 de
544 539 591 600 his
614 538 809 619 religionibus
832 539 1006 620 referretur,
1028 539 1200 618 pontifices·

180 648 239 709 que
263 631 412 711 statuisse,
435 628 579 708 postridie
598 646 702 690 omnes
720 627 874 710 kalendas,
893 645 1002 710 nonas,
1023 627 1095 689 idue
1117 635 1199 689 atros

180 718 244 779 dies
258 716 420 799 habendos,
434 725 468 779 nt
482 718 514 778 hi
528 717 592 778 dies
607 735 704 797 neque
719 715 882 796 proeliares
895 735 994 797 neque
1013 718 1082 797 puri
1100 734 1199 797 neque
1214 739 1230 782 e

180 806 344 868 comitiales
367 814 476 868 essent.
907 855 911 862 .
1020 859 1024 862 .

270 890 329 959 21.
353 897 428 958 Non.
447 915 470 957 s.
485 914 514 956 o.
531 897 696 973 proletarii
708 914 740 972 p.
757 894 803 957 67
829 892 949 956 Cassius
973 894 1077 958 limina
1100 894 1201 956 annali

180 983 256 1046 libro
279 984 319 1047 ll:
351 984 437 1046 Tunc
460 984 589 1046 Marcius
612 980 766 1065 †‘praec‘o
794 985 924 1062 primum
954 984 1130 1064 proletarios
1153 1002 1199 1045 ar·

180 1075 282 1136 mauit.
305 1076 357 1148 (0.
375 1075 517 1136 Marcius
536 1075 694 1150 Philippus
713 1091 741 1133 c.
760 1072 830 1134 231.
850 1073 920 1134 473
937 1077 989 1136 uel
1006 1073 1113 1149 lasea)

271 1157 329 1224 22.
352 1164 442 1225 Sera.
457 1165 500 1224 od
513 1162 587 1224 rien.
602 1161 678 1223 156
694 1160 739 1222 ⁴Vt
756 1161 835 1240 apud
850 1161 984 1224 Cassium
998 1164 1029 1222 in
1048 1161 1200 1223 annalium
1214 1189 1243 1230 ω

181 1252 326 1313 secundo:
354 1251 397 1312 Ne
421 1253 488 1331 quis
511 1269 636 1330 regnum
661 1258 835 1332 occuparet,
858 1253 885 1312 si
907 1251 992 1330 plebs
1015 1258 1117 1312 nostra
1141 1251 1198 1312 fre·

180 1359 263 1402 mere
285 1343 411 1419 imperia
434 1341 590 1418 coepisset
1091 1399 1101 1422 ι

270 1423 330 1492 23.
355 1430 466 1492 Norae
482 1447 511 1492 u.
531 1431 633 1492 moliri
646 1445 676 1506 p.
690 1429 761 1488 346
783 1427 905 1494 Cassius.
921 1427 1047 1492 flemma
1068 1428 1106 1490 de
1129 1446 1199 1489 oen·

181 1517 300 1579 soribue
323 1517 372 1578 lib.
391 1517 431 1579 ll:
463 1516 502 1578 Et
529 1519 560 1578 in
589 1535 656 1578 area
684 1519 715 1578 in
740 1516 884 1598 Capitolio
907 1519 991 1597 signa
1015 1535 1090 1598 quae
1114 1524 1200 1581 erant

181 1605 391 1668 demoliuntur.
600 1659 603 1662 .
1214 1630 1242 1676 η

272 1688 330 1756 24.
354 1696 429 1757 Noo.
443 1715 467 1758 s.
482 1714 510 1756 c.
526 1698 655 1758 deoaece'
662 1713 693 1774 p.
708 1696 771 1756 101
795 1695 915 1756 Cassius
933 1694 1058 1756 Hemina
1077 1695 1152 1770 libro
1172 1692 1205 1778 ll

181 1783 344 1846 annalium:
367 1780 450 1855 Quae
473 1791 541 1845 nata
565 1792 644 1866 sunt,
667 1802 701 1844 ea
725 1785 823 1845 omnia
846 1784 967 1847 denasci
990 1785 1081 1845 aiunt.

273 1865 332 1937 25.
357 1873 508 1935 Priscian.
531 1873 634 1944 VIIH¹
640 1892 671 1950 p.
687 1873 753 1935 482
770 1875 806 1934 H.
845 1871 876 1934 Ι..
896 1871 1016 1934 Cassius
1040 1871 1144 1934 Emina
1167 1874 1200 1934 in

184 1961 315 2024 secundo
339 1962 502 2024 annalium:
525 1962 617 2043 ldque
641 1961 818 2024 admiratum
841 1979 907 2023 esse
930 1964 1034 2042 ganisi.

554 2149 609 2224 nx
631 2127 768 2205 erano
784 2149 824 2205 111

117 2244 172 2324 {12
273 2256 358 2325 aee
383 2265 459 2326 azan.
474 2263 696 2334 ursulanae
719 2264 838 2326 cassus
857 2262 982 2325 nemina
1000 2283 1037 2325 ex
1056 2265 1198 2343 antiquis-
1214 2289 1242 2330 o

118 2333 172 2386 ⁶⁸⁶
184 2353 267 2413 simis
291 2359 473 2434 auctorest,
496 2353 626 2432 primum
650 2371 666 2414 e
690 2353 814 2416 medicis
836 2355 956 2414 uenisse
974 2351 1098 2414 Romam
1116 2351 1199 2414 Pelo·

183 2457 316 2521 ponneso
336 2441 556 2522 Archagathum
574 2441 717 2522 Lysaniae
736 2441 839 2523 filium,
863 2440 894 2503 L.
914 2441 1037 2502 Aemilio
1056 2439 1093 2502 hl.
1112 2441 1199 2504 Liuio

181 2547 242 2591 cos.
270 2548 346 2591 anno
379 2528 464 2592 urbis
492 2545 627 2611 DXXXV,
655 2533 742 2611 eique
770 2534 818 2593 ius
846 2529 1008 2601 Quiritium
1036 2531 1138 2591 datum
1168 2538 1198 2591 et

150 2671 154 2676 .
181 2616 335 2680 tabernam
354 2621 384 2681 in
404 2621 534 2698 compito
553 2619 647 2681 botho
671 2628 801 2700 emptam
819 2619 857 2682 ob
880 2619 910 2680 id
934 2619 1062 2700 publice.
1092 2618 1198 2681 unlne-

181 2709 296 2769 rarium
314 2727 382 2768 eum
402 2709 494 2769 fuisse
514 2726 531 2769 e
549 2726 582 2769 re
602 2709 724 2789 dictum,
746 2712 881 2789 mireque
900 2715 1017 2788 gratnm
1036 2708 1198 2774 aduentum
1212 2731 1240 2773 ea

181 2798 247 2858 eius
275 2799 375 2879 initio,
408 2815 475 2858 mox
505 2815 521 2858 a
550 2799 674 2859 saeuitia
702 2798 823 2861 secandi
855 2797 1021 2876 urendique
1054 2799 1197 2858 transisse

181 2902 290 2948 nomen
304 2887 336 2947 in
350 2885 520 2947 carnificem
535 2889 610 2948 etin
624 2887 755 2948 taedium
770 2895 864 2948 artem
882 2888 1038 2966 omnisque
1056 2885 1197 2948 medicos.

270 2969 330 3036 27.
355 2976 431 3037 Noa.
454 2995 477 3036 s.
501 2993 529 3036 aa
555 2979 773 3054 cymbalorum
792 2993 823 3054 p.
843 2975 889 3036 90
925 2974 1046 3038 Cassius
1073 2973 1198 3035 llemina

180 3061 257 3125 libro
280 3061 334 3124 lll:
357 3061 466 3126 Mulier
487 3064 625 3128 cantabat
647 3063 730 3125 tibiis
753 3064 889 3145 Phrygiis
913 3072 943 3125 et
965 3063 1057 3126 altera
1079 3062 1197 3143 cymba·

180 3150 310 3213 lissahat.
1210 3175 1238 3217 ω

270 3234 329 3304 28.
353 3243 429 3303 Iton.
444 3261 467 3303 e.
482 3261 510 3303 u.
526 3246 679 3304 litteroscs
695 3261 725 3319 p.
741 3243 803 3304 133
826 3241 947 3303 Cassius
964 3240 1090 3304 Hemina
1108 3259 1197 3303 anna-

181 3327 293 3390 nahum
315 3329 392 3393 libro
410 3329 464 3392 lll:
486 3329 582 3392 Homo
605 3349 687 3392 mere
711 3331 871 3393 litterosus.

271 3413 329 3483 29.
354 3421 506 3482 Prahaten.
521 3418 557 3480 X
567 3439 598 3497 p.
614 3421 682 3480 537
695 3422 732 3480 H.
757 3420 877 3481 Cassius
890 3419 995 3479 limina
1008 3421 1041 3479 in
1055 3417 1095 3478 lll
1109 3435 1197 3480 anna·

180 3503 267 3568 hum:
280 3506 315 3568 ln
329 3525 433 3588 eampo
443 3508 568 3569 Tiburte
582 3508 634 3570 ubi
649 3509 795 3570 hordeum
810 3509 1047 3570 demessuerunt.
1054 3510 1196 3584 (=port.

182 3595 254 3656 XII
268 3615 348 3658 aere.
368 3600 441 3659 Aen.
458 3617 489 3674 p.
505 3596 574 3656 490
588 3600 626 3658 ll.
646 3615 700 3659 om.
721 3600 752 3657 in
772 3615 884 3682 eampo.
905 3595 944 3673 es.
964 3598 1027 3658 Cat.
1043 3596 1086 3673 fr.
1100 3595 1170 3670 56.)
1210 3621 1236 3663 ea
