2640 4052
509 221 542 287 Q.
559 220 656 278 rann
675 220 842 278 floronis

427 481 472 586 Q.
505 479 695 569 FABIVS
727 481 918 568 Pidrou

247 630 477 688 TESTIMONIA
496 631 544 686 DE
563 629 653 688 VITA
670 630 718 686 ET
738 629 892 688 GRAECIS
911 630 1095 688 HISTORIIS

130 775 164 844 l.
184 781 228 859 fr.
246 781 290 844 23
313 781 422 843 Fabius
441 780 617 862 historicus,
637 783 689 860 qui
707 780 805 842 eidem
823 779 901 842 bello
922 779 1070 860 [Gallico]
1089 784 1182 844 inter·

163 873 229 933 fuit.
262 871 302 949 cf.
321 871 364 947 sr.
378 871 431 932 24.
444 870 491 930 26
513 868 639 931 Fabium
661 869 815 950 aequalem
841 870 1028 950 temporibus
1055 870 1182 933 huiusce

163 959 235 1022 belli
254 958 482 1039 [Hanniballco‘]
505 960 695 1041 potissimum
713 966 867 1020 auctorem
884 959 984 1021 habui.
1004 959 1048 1037 fr.
1062 960 1115 1022 10.
1129 961 1182 1022 17.

163 1059 268 1138 Polyb.
288 1059 346 1120 III
355 1057 381 1118 ’9
404 1055 478 1120 ἔνιοι
491 1053 548 1139 γὰρ
567 1051 623 1120 ode
641 1055 690 1119 ἐπὶ
706 1051 742 1118 τὰ
760 1052 902 1139 λεγόμενα
921 1050 1183 1138 συνεπιστῆσαπες

163 1149 226 1218 ἄλλ’
248 1149 294 1218 ἐπ’
315 1150 406 1218 αὐτὸν
429 1149 481 1218 τὸν
503 1153 625 1238 λέγοντα
646 1153 697 1217 καὶ
720 1149 859 1236 λαβόντες
881 1154 915 1218 ἐν
937 1160 992 1242 νῷ,
1015 1151 1091 1218 διότι
1108 1150 1210 1219 mdo

162 1248 233 1328 τοὺς
258 1247 381 1334 καιροὺς
409 1246 425 1316 ὃ
453 1248 580 1336 γράφων
607 1251 709 1338 γέγονε
736 1251 786 1316 not
812 1257 865 1318 τοῦ
888 1254 1047 1334 συνεδρίου
1073 1259 1183 1334 paterga
1318 1245 1319 1268 i

163 1355 223 1414 τῶν
246 1345 423 1431 Ῥωμαίων,Δ
446 1355 509 1414 πᾶν
537 1346 652 1426 εὐθέως
685 1347 829 1433 ἡγοῦνται
860 1347 893 1414 τὸ
928 1346 1087 1433 λεγόμενον
1119 1344 1180 1414 ὑπὸ

163 1446 269 1514 τούτου
291 1445 404 1512 mcro'o.
436 1452 525 1513 Dicat.
545 1451 605 1512 Io
628 1439 671 1512 ὧν
698 1450 754 1512 εἰσι
775 1444 975 1532 πρεσβύτατος
996 1442 1124 1522 Κόιντός
1152 1469 1182 1510 τε

165 1543 282 1629 Φάβιος
302 1544 353 1608 eat
374 1543 506 1623 Αεύκιος
528 1548 666 1630 Κίγκιος,
689 1542 850 1629 ἀμφότεροι
877 1541 951 1608 κατὰ
976 1540 1047 1620 τοὺς
1076 1549 1182 1610 Φοινιν
1223 1580 1233 1587 -

163 1640 266 1720 uenulae
279 1640 463 1727 &spicoma
475 1645 629 1726 πολέμους.
651 1646 694 1724 [ν.
703 1647 755 1708 16.
769 1647 821 1707 10.
836 1646 888 1706 17.
902 1645 970 1706 Litt.
980 1645 1085 1706 XXII
1094 1646 1182 1722 5725
1196 1667 1223 1710 ιο

164 1742 198 1815 Q.
221 1743 331 1806 Fabius
353 1745 456 1808 Pictor
478 1745 608 1826 Delphos
632 1745 668 1806 ad
692 1741 847 1804 oraculum
869 1743 979 1804 missus
1005 1750 1051 1804 est
1080 1745 1181 1806 scisci-

163 1839 267 1916 tatum,
291 1835 400 1914 qnibus
423 1834 564 1916 precibus
589 1833 802 1914 suppIIoiisque
826 1831 898 1892 deos
916 1840 1048 1912 possent,
1061 1832 1181 1913 placare

164 1930 194 1986 et
208 1939 354 2003 quaenam
367 1925 468 1986 futura
481 1925 550 1986 finis
560 1925 650 1985 tantis
664 1920 797 1982 cladibus
811 1920 897 1984 foret.
912 1922 1036 1983 XXIII
1040 1923 1181 2000 [Llsqq.

162 2011 240 2074 Dum
267 2012 340 2076 liaeo
364 2022 524 2096 geruntur,
552 2012 585 2083 Q.
608 2011 717 2072 Fabius
740 2010 843 2072 Pictor
869 2010 985 2090 legatus
1012 2030 1030 2072 a
1057 2011 1180 2094 Delphis

162 2099 286 2163 Romam
309 2103 388 2165 redit
411 2119 648 2182 responsumque
671 2118 707 2160 ex
731 2101 844 2180 scripto
866 2102 1013 2162 recitauit.
1050 2099 1114 2162 diui
1136 2101 1222 2164 alr-1⁶

163 2209 279 2272 uaeque
293 2194 325 2254 in
339 2211 374 2254 eo
390 2201 483 2272 erant,
498 2190 608 2271 qaribus
622 2207 741 2269 quoque
755 2187 843 2249 modo
866 2187 1094 2268 supplicaretur.
1117 2197 1183 2251 tum

164 2276 202 2341 ‘si
225 2282 266 2342 ita
289 2282 402 2362 faxitis,
425 2280 563 2359 Romani,
586 2285 705 2340 uestrae
729 2296 778 2338 res
807 2276 946 2338 meliores
974 2277 1182 2359 facilioresque

163 2378 261 2453 erunt,
284 2373 437 2450 magisque
461 2387 497 2430 er
516 2369 731 2429 sententiares
750 2365 869 2445 publica
885 2374 989 2428 'nemra
1007 2367 1095 2429 uobis
1113 2387 1182 2448 pro·

163 2459 251 2521 cedet
268 2461 456 2538 uictoriaque
474 2455 566 2517 duelli
581 2455 686 2536 populi
699 2455 825 2517 Romani
843 2458 909 2517 erit
932 2453 1038 2537 Pythio
1053 2457 1183 2538 Apollini

162 2567 197 2609 re
219 2547 339 2627 publica
362 2556 464 2608 uestra
486 2545 562 2606 hene
586 2554 668 2624 gesta
689 2552 866 2626 seruataque
885 2545 978 2607 lucris
997 2549 1112 2608 meritis
1132 2546 1181 2608 do·
1195 2567 1223 2610 ro
1318 2535 1319 2564 ἶ

164 2656 236 2699 num
259 2638 400 2699 mittitote
424 2633 521 2713 deque
543 2634 654 2714 praeda
678 2633 827 2695 manubiis
850 2635 1014 2716 spoliisque
1037 2635 1182 2698 honorem

163 2725 312 2805 habetote,
326 2723 478 2784 lasciuiam
493 2741 508 2783 a
528 2722 615 2784 uobis
629 2719 840 2808 prohihetote'.
863 2724 937 2786 haec
951 2724 1004 2786 ubi
1018 2743 1054 2786 ex
1069 2725 1180 2786 Graeco
1318 2791 1319 2800 χ

164 2815 295 2875 carmine
318 2815 513 2891 interpretata
538 2814 685 2894 recitauit,
709 2820 774 2874 tum
793 2813 867 2875 dixit
887 2832 918 2875 se
938 2814 1058 2876 oraculo
1082 2831 1181 2894 egres·
1300 2807 1302 2812 ’

164 2920 231 2962 sum
254 2899 402 2978 extemplo
422 2901 460 2961 iis
479 2901 618 2963 omnibus
637 2902 716 2964 diuis
735 2921 799 2963 rem
818 2903 951 2964 diuinam
969 2910 1037 2965 ture
1057 2921 1091 2964 ac
1109 2904 1181 2964 uino
1318 2917 1319 2924 ¹

164 2991 280 3070 iecisse,
294 2991 469 3069 iussumque
488 3009 504 3051 a
523 2990 628 3069 templi
647 2993 789 3073 antistite,
804 2994 882 3053 sicut
901 2999 1062 3054 coronatus
1080 2992 1182 3054 laurea
1196 3011 1222 3053 rs

164 3095 274 3138 corona
292 3085 323 3138 et
342 3078 496 3140 oraculum
515 3079 626 3142 adisset
645 3088 675 3142 et
694 3099 758 3143 rem
777 3081 909 3143 diuinam
929 3082 1058 3161 lecisset,
1076 3083 1117 3141 ita
1132 3098 1180 3140 co·

164 3172 303 3226 ronatum
326 3185 433 3229 nauem
461 3169 622 3231 ascendere
646 3189 702 3232 neo
726 3177 794 3232 ante
818 3170 967 3251 deponere
991 3187 1069 3249 eam,
1092 3186 1181 3248 quam

163 3254 287 3314 Romam
315 3257 512 3335 peruenisset.
559 3276 592 3320 se
620 3277 825 3340 quaecumque
853 3262 997 3339 imperata
1025 3260 1085 3318 siut
1112 3274 1181 3317 oum

165 3360 280 3403 summa
302 3343 447 3425 religione
471 3366 505 3409 ac
528 3347 682 3428 diligentia
706 3355 883 3411 exsecutum
905 3364 1046 3408 coronam
1068 3344 1180 3407 Romae

164 3433 198 3491 in
220 3449 300 3493 mam
323 3433 467 3514 Apollinis
491 3437 673 3517 deposuisse.
705 3445 826 3500 senatus
845 3437 988 3516 decreuit,
1007 3444 1041 3496 ut
1060 3453 1112 3496 eae
1131 3452 1181 3495 res
1194 3455 1222 3498 oo

166 3518 285 3582 diuinae
306 3524 599 3608 supplicationesque
617 3529 715 3607 primo
734 3544 854 3608 quoqne
874 3534 1007 3604 tempore
1026 3543 1095 3585 cum
1109 3542 1182 3586 cura

165 3607 281 3674 tierent.
314 3611 354 3690 cs.
383 3615 462 3678 Plot.
491 3617 564 3678 Fal.
584 3616 632 3678 18.
664 3617 740 3696 App.
768 3616 870 3714 Hane.
894 3613 940 3674 27
970 3606 990 3694 ἡ
1022 3611 1055 3676 δὲ
1086 3606 1181 3695 βουλὴ
