2638 4056
176 242 241 308 226
510 235 681 296 consumi
700 235 855 295 uneoms
980 188 984 196 ¹

176 405 273 471 mrem,
296 398 331 450 ut
348 407 398 450 res
417 397 471 470 est,
491 389 597 450 domus
616 390 711 468 ipsius
731 387 840 450 clarius
858 403 948 466 quam
968 385 1100 447 Catullus
1119 384 1194 445 dixit

175 479 286 541 hahere
310 478 454 558 quidquid
482 477 636 539 habuisset
665 485 778 539 comata
801 475 903 538 Gallia.
948 491 1076 554 nemque
1104 473 1194 535 adicit

175 569 255 630 idem
273 567 373 646 Nepos
395 569 526 647 primum
549 569 620 628 totis
644 565 767 627 aedibus
791 565 902 626 nullam
926 566 984 625 nisi
1007 582 1023 624 e
1046 577 1193 624 marmore

180 657 347 720 columnam
361 655 501 717 hahuisse
516 663 546 716 et
561 658 656 716 omnis
672 654 781 716 solidas
796 673 813 716 e
828 653 961 734 Carystio
976 660 1028 715 aut
1041 652 1192 713 Luniensi.

266 742 325 809 (iii.
349 747 427 806 Ptin.
446 763 475 806 n.
493 747 521 806 lt.
536 745 693 805 XXXIII
706 745 773 805 146
803 742 959 804 Cornelius
981 741 1081 821 Nepos
1104 740 1221 803 tradite

176 843 244 896 ante
269 833 367 896 Sullae
394 833 552 895 uictoriam
579 832 638 894 duo
665 841 783 894 tauurm
810 832 938 894 triclinia
962 831 1072 892 Romae
1099 830 1194 891 inisse

176 929 324 1004 argentea,
343 924 530 1002 repositoriis
550 928 706 1000 argentum
725 921 794 983 addi
812 936 866 982 sua
884 923 1026 981 memoria
1045 927 1192 1000 coeptum.
1308 989 1309 992 Ἴ

266 1007 322 1083 7*,
346 1014 424 1074 Pit-u.
440 1032 468 1073 u.
483 1014 511 1072 h.
526 1009 676 1072 XXXVI
686 1010 730 1071 59
750 1010 904 1090 onychem
925 1012 959 1071 iu
981 1008 1107 1070 Arabiae
1130 1015 1193 1068 tau-
1308 1011 1309 1026 ¹

177 1110 240 1163 tum
273 1100 425 1163 montibus
456 1117 512 1161 nec
535 1114 662 1179 usquam
690 1099 783 1161 aliubi
810 1100 893 1161 nasci
920 1106 1066 1178 putausre
1097 1096 1194 1158 nostri

175 1199 311 1272 ueteres,
334 1189 463 1251 Sudines
486 1191 518 1249 in
537 1187 699 1250 Carmania.
729 1190 844 1268 potoris
866 1189 996 1268 primum
1020 1188 1101 1248 uasis
1122 1185 1235 1247 indere

176 1280 276 1360 iactis,
307 1277 377 1340 dein
410 1277 536 1358 pedibus
567 1277 714 1340 lectorum
740 1277 882 1357 sellisque
910 1276 1010 1356 Nepos
1038 1275 1194 1338 Cornelius

175 1369 267 1429 tradit
293 1380 400 1447 magno
428 1368 521 1428 iusisse
550 1363 707 1448 miraculo,
735 1381 805 1428 ctum
827 1366 858 1428 P.
882 1361 1027 1427 Lentulus
1050 1363 1193 1444 Spinther

176 1456 334 1536 amphoras
352 1469 389 1516 ei
408 1469 444 1516 eo
463 1455 603 1516 Chiorum
622 1455 826 1536 magnitudine
844 1453 987 1516 cadomum
1005 1453 1194 1534 ostendisset,

175 1553 244 1625 post
272 1547 510 1625 quinquennium
538 1544 644 1605 deinde
668 1554 766 1606 xxxii
793 1545 905 1624 pedum
933 1543 1117 1623 longitudine
1146 1558 1193 1603 co-

176 1635 293 1695 lumnas
316 1632 428 1694 uidisse
451 1649 493 1694 se.
1209 1647 1236 1688 15

265 1717 326 1784 Si.
350 1723 427 1783 Pleu
445 1735 476 1784 u.
490 1724 518 1784 h.
540 1723 639 1784 VIIII
653 1721 719 1784 137
745 1723 844 1803 Nepos
867 1718 1035 1802 Cornelius,
1058 1721 1110 1800 qui
1132 1719 1195 1781 diui
1308 1713 1309 1764 ἒ

155 1810 304 1890 1Αιιρςιιεῑί
334 1810 505 1890 principatu
536 1811 623 1874 obiit:
657 1805 745 1894 ‘Me’‚
772 1813 882 1892 iuquit,
907 1807 1032 1872 ‘iuuene
1062 1809 1194 1870 uiolseea

176 1909 310 1979 purpure
334 1899 463 1979 uigebat,
486 1903 573 1962 cuius
595 1897 671 1962 libra
694 1901 826 1962 denariis
844 1908 966 1965 centum
988 1898 1120 1978 uenihat,
1135 1911 1194 1959 uec

177 1989 269 2050 multo
293 1996 362 2067 post
382 1988 475 2050 rubra
495 1989 664 2054 larentina.
697 1989 768 2052 huic
788 1985 934 2052 suecessit
950 1987 1078 2068 dibapha
1097 1987 1195 2068 Tyria,
1308 2009 1309 2012 ¹

177 2092 252 2157 quae
276 2080 308 2138 in
326 2077 418 2138 libres
441 2078 572 2140 denariis
591 2078 671 2140 mille
690 2095 751 2140 non
768 2087 886 2158 poterat
904 2081 971 2140 emi.
994 2078 1050 2138 hac
1069 2076 1100 2138 P.
1119 2075 1194 2137 Leu-
1209 2092 1237 2132 ao
1308 2071 1309 2130 ς

176 2166 258 2227 tulus
282 2166 429 2245 Spinther
454 2167 562 2227 fusum
594 2167 708 2229 cunulis
735 2170 852 2248 primus
879 2170 911 2228 in
938 2173 1091 2246 praetexta
1121 2182 1195 2225 usus
1293 2191 1298 2200 ·

175 2253 413 2405 mprobohatgr,
432 2265 495 2334 ‘qua
519 2272 654 2336 purpura
674 2259 741 2337 quis
763 2273 824 2318 non
850 2251 935 2335 iam',
954 2257 1065 2333 inquit,
1079 2247 1193 2314 “tricli-
1308 2245 1309 2302 i

176 2345 260 2403 utria
280 2343 354 2404 iacit
1308 2389 1309 2392 =

155 2459 157 2464 ·
265 2435 326 2502 Ni.
342 2441 419 2504 Plio.
433 2458 463 2504 u.
477 2443 506 2504 h.
516 2444 552 2504 X
565 2443 611 2504 60
632 2443 787 2504 Cornelias
801 2441 908 2522 Nepos,
923 2443 976 2521 qui
990 2441 1052 2502 diui
1066 2442 1194 2519 hugusti

176 2529 347 2609 principatu
370 2530 453 2612 obiit,
477 2549 545 2593 cum
569 2531 715 2593 scriberet
737 2531 843 2592 turdos
866 2529 955 2610 paulo
979 2538 1193 2609 ante-coeptos
1208 2545 1236 2586 ss

176 2620 318 2700 saginari,
343 2619 456 2682 addidit
479 2622 610 2681 ciconias
633 2621 726 2699 magis
748 2619 866 2700 plaeere
890 2635 979 2699 quam
1003 2633 1102 2701 grues,
1125 2633 1194 2680 cum

175 2707 249 2768 haec
273 2725 353 2770 nune
377 2709 437 2770 ales
460 2712 541 2770 inter
561 2710 675 2788 primas
697 2715 868 2790 expetatur,
895 2708 976 2769 illam
1005 2725 1091 2770 neure
1121 2707 1195 2769 uelit
1308 2739 1309 2744 κ

176 2797 318 2875 attigisse.
902 2835 904 2838 -

212 2955 216 2962 r
266 2889 350 2957 10¹⁸„
375 2896 453 2956 Plio.
468 2914 496 2955 n.
511 2896 540 2955 b.
561 2891 662 2955 VIIII
674 2891 721 2955 θθ
743 2894 829 2975 Apud
849 2897 987 2975 antiquos
1001 2896 1128 2975 piscium
1143 2912 1193 2954 no-

175 2981 340 3045 bilissiruus
362 2982 482 3044 habitus
504 2985 686 3062 accipenser.
703 2992 862 3063 -postea
885 2985 1075 3064 praecipuam
1093 2991 1193 3044 ariao
1208 2997 1238 3037 ³0

175 3073 294 3133 ritatem
318 3073 411 3133 luisse
434 3071 504 3150 lupo
528 3079 559 3133 et
581 3071 680 3134 asellis
703 3072 802 3152 Nepos
822 3073 978 3136 Cornelius
1001 3082 1031 3134 et
1049 3071 1193 3134 Laberius

47 3239 57 3258 ⁶
175 3169 263 3240 poeta
286 3163 446 3222 mimorum
468 3159 627 3223 tradidere.

267 3252 345 3320 11⁴⁶.
369 3259 452 3320 &tet
467 3258 554 3334 Iup.
580 3259 626 3319 77
661 3259 728 3321 Non
759 3259 887 3340 amplius
917 3269 965 3321 ter
990 3257 1095 3319 hibere
1121 3275 1194 3319 eum

178 3344 374 3425 [reportem]
395 3345 516 3409 solitum
535 3365 626 3426 suaper
645 3367 749 3411 cenam
767 3351 798 3410 in
822 3350 929 3411 castris
953 3347 1031 3428 apud
1049 3346 1193 3409 illutiuarn

177 3434 332 3496 Cornelius
355 3434 455 3514 Nepos
477 3437 577 3500 tradit.
1206 3449 1236 3490 ³⁵

268 3525 345 3596 12¹⁸.
370 3535 491 3596 Ptine.
506 3537 535 3595 h.
550 3536 717 3598 XIIIIOI
744 3535 855 3597 Eadem
878 3525 996 3617 Africa,
1013 3553 1072 3614 qua
1095 3535 1194 3612 uergit

176 3620 213 3682 ad
227 3638 291 3703 nos,
308 3623 457 3700 insignem
476 3622 612 3684 arborem
632 3625 712 3687 loton
731 3625 833 3705 gignit,
848 3639 938 3704 quam
956 3631 1045 3685 uocat
1063 3621 1194 3703 scithim,
