2640 4052
449 243 677 300 FRAGMENTA
696 250 809 302 16-18.
1095 246 1138 311 27

125 387 342 468 ἀναδεύσαντες
359 391 545 475 προσέφερον
562 399 622 468 τοῖς
640 388 772 457 θύουσιν
789 393 838 456 έπλ
855 399 964 458 κανῶν.
995 396 1027 459 οί
1041 391 1070 457 δ’
1092 393 1140 458 ἐπί

124 485 196 566 τούς
218 485 341 573 βωμούς
363 489 541 566 ἐπιτιθέντες
566 485 707 572 ὑφῆπτον
732 489 782 554 καί
809 489 1030 574 προσέσπενδον
1056 487 1141 558 οίνον

124 583 200 651 κατὰ
221 593 281 652 τῶν
302 584 511 673 ύγνιζομένων.
535 588 657 655 ἕκαστον
679 585 708 653 δ’
734 585 778 654 ότι
799 585 874 654 κατδι
895 585 1008 672 νόμους
1030 591 1140 676 ἐγίνετο

124 681 195 762 τούς
213 681 292 768 ύμφδ
309 689 423 751 θυσίαν
440 682 495 770 ὑφ’
511 683 665 770 Ἑλλήνων
687 687 922 764 κατασταθέντας
939 688 973 752 ἐκ
989 693 1041 771 τῆς
1054 683 1141 772 Ὀμή-

125 805 182 865 ρου
204 780 352 868 ποιήσεως
374 789 488 870 γνῶναι
510 782 624 876 ῥᾴδιον.
649 820 691 832 -
715 782 758 870 (c.
784 781 849 873 73.)
872 781 994 852 Λοιπδν
1021 787 1056 850 δέ
1082 787 1144 852 ἐστί
1154 809 1168 853 s

124 905 176 963 μοι
198 881 248 946 καί
269 882 338 967 περί
363 888 422 947 τῶν
444 879 572 968 ύγοόνων
594 878 648 961 οὓς
672 880 742 968 μετδ
766 880 821 968 τὴν
838 879 963 968 πομπὴν
986 884 1141 951 ἐπετέλουν

126 973 212 1064 όλίγα
234 983 373 1046 διελθεῖν.
405 986 520 1063 πρῶτος
537 975 554 1047 ό
576 985 637 1046 τῶν
654 984 828 1066 τεθρίππων
845 1005 875 1046 τε
897 981 948 1046 καὶ
965 985 1142 1066 συνωρίδων

125 1077 177 1140 καλ
193 1083 253 1144 τόν
270 1075 421 1156 ύζεύκτων
438 1082 539 1146 ίππων
557 1079 667 1163 ἐγίνετο
685 1076 803 1163 δρόμος.
818 1113 864 1126 -··
876 1079 910 1144 έν
928 1079 963 1144 δέ
979 1088 1043 1158 ταῖς
1059 1084 1141 1146 ίππι·

124 1181 192 1252 κσΐς
214 1171 347 1259 ἁμίλλαις
369 1173 585 1260 ἐπιτηδεύματα
611 1173 668 1242 δύο
691 1181 750 1242 τῶν
772 1174 854 1242 πύνυ
882 1182 1017 1244 παλαιόν
1043 1173 1084 1256 οδς
1110 1179 1142 1256 έξ

125 1263 219 1357 ἀρχῆς
246 1272 454 1358 ἐνομοθετήθη
482 1268 686 1358 φυλαττόμενα
711 1270 772 1340 ύττδ
794 1270 948 1357 Ῥωμαίων
974 1275 1057 1359 μέχρι
1080 1274 1142 1341 τόν
1155 1301 1182 1343 10

125 1368 190 1435 κατ’
202 1371 253 1455 ἐμέ
267 1370 410 1438 διύκειται
423 1369 548 1456 χρόνων,
561 1370 594 1437 τό
606 1395 636 1436 τε
649 1371 717 1455 περλ
728 1368 765 1436 τὰ
776 1375 908 1455 τρίπωλα
921 1378 980 1438 τῶν
993 1369 1141 1457 ἆρμιίτων.

127 1499 167 1514 ·-·
183 1470 253 1534 δυσλ
265 1468 323 1555 γὰρ
341 1473 444 1548 λ’πποις
457 1470 649 1555 ἐζευγμένοις,
662 1465 700 1536 ’δν
711 1467 823 1553 τρόπον
836 1467 991 1554 ζεύγνυται
1004 1474 1142 1558 συνωρίς,

125 1569 219 1650 τρίτος
240 1572 397 1653 παρείπετο
419 1576 547 1654 σειραῖος
569 1571 660 1646 ἵππος
677 1570 780 1652 ῥυτῆρι
798 1565 1003 1652 συνεχόμενος,
1025 1565 1063 1634 ὃν
1081 1564 1141 1633 σἰπό

125 1669 179 1730 τού
200 1669 423 1752 παρῃωρῆσθαί
440 1691 470 1732 τε
492 1668 542 1731 καί
564 1662 603 1749 μὴ
624 1669 818 1750 συνεζεῦχθαι
840 1663 993 1754 παρῄορον
1016 1663 1143 1732 ἐκύλουν

125 1763 158 1828 ot
177 1767 309 1829 παλαιοί·
338 1764 436 1849 ἕτερον
459 1764 492 1830 δέ
517 1799 555 1810 -
582 1759 598 1829 ό
621 1769 681 1828 τῶν
707 1761 974 1849 παρεμβεβηκότων
1001 1771 1063 1842 τοῖς
1091 1761 1142 1849 ύρ-
1155 1791 1181 1833 τε

126 1879 198 1943 μασι
216 1859 334 1947 δρόμος.
363 1860 436 1929 όταν
453 1859 510 1949 γδρ
528 1860 608 1938 τέλος
630 1863 664 1925 αἱ
682 1867 742 1925 τῶν
764 1863 865 1926 ἵππων
887 1855 1006 1945 ύμιλλαι
1029 1859 1142 1946 λείβων-

125 1983 189 2041 ται,
210 1955 423 2044 ἀποπηδῶντες
445 1955 506 2027 ύπδ
529 1965 589 2024 τῶν
615 1955 754 2043 ύρμύτων
781 1961 813 2024 οἱ
835 1957 1055 2044 παροχούμενοι
1080 1966 1141 2036 τοῖς

125 2051 258 2142 ἡνιόχοις
280 2095 325 2104 -
346 2057 400 2126 τόν
427 2062 579 2124 σταδιαῖον
611 2054 788 2141 ἁμιλλῶνται
816 2054 928 2144 δρόμον
955 2054 1042 2123 αύτοί
1067 2053 1143 2142 πρὸς

125 2149 281 2237 τλλλήλους.
325 2156 522 2222 τελεσθέντων
553 2153 587 2219 δὲ
617 2161 677 2220 τῶν
707 2157 838 2222 ἱππικῶν
870 2153 990 2240 δρόμων
1021 2157 1054 2221 οί
1081 2162 1142 2232 τοῖς

126 2251 241 2318 ἑαυτῶν
263 2250 396 2336 σοόμασιυ
417 2246 629 2338 ύγωνιζόμενυι
656 2250 719 2318 τότε
741 2252 878 2340 εἰσῄεσαν
899 2255 1018 2335 δρομεῖς
1039 2276 1069 2317 τε
1091 2251 1142 2317 καλ
1155 2283 1182 2324 20

127 2348 235 2416 πύκται
257 2352 308 2416 καί
329 2354 495 2418 παλαισταί.
510 2383 549 2398 --
565 2350 599 2414 ἐν
617 2348 650 2415 δέ
667 2358 729 2428 τοῖς
746 2349 797 2416 διδ
815 2351 907 2435 μέσον
925 2356 985 2416 τῶν
1008 2347 1142 2433 τἰθλημύ-

125 2473 187 2512 ταν
215 2445 333 2533 χρόνοις
355 2441 607 2531 Ἑλληνικώτατον
633 2449 684 2513 καί
710 2446 864 2533 κράτιστον
891 2445 1033 2514 διπύντετν
1060 2449 1143 2513 έθύν

125 2543 349 2626 ἐπεδείκνυντο,
371 2543 569 2628 σιεφανοόσεις
589 2545 640 2611 καί
662 2541 841 2630 ἀναρρήσεις
858 2544 1032 2628 ποιούμενοι
1049 2553 1143 2630 τιμῶν

126 2639 175 2720 τίς
197 2643 304 2726 ἐτίμων
325 2640 395 2721 τούς
419 2643 532 2708 ἐαυτολν
554 2639 714 2728 εύεργέτας,
736 2678 774 2690 -
795 2644 846 2709 καί
868 2641 986 2708 σκύλων
1007 2641 1088 2708 ’όσων
1110 2643 1143 2707 ἐκ

126 2740 265 2823 πολέμων
295 2737 416 2824 λύβοιεν
446 2742 599 2818 ἐπιδείξεις
629 2748 690 2818 τοῖς
722 2743 763 2819 εἰς
789 2742 867 2807 θέαν
896 2735 1141 2822 συνεληλυθόσιν.
1156 2773 1182 2814 25

127 2835 201 2903 σἰλλδ
223 2835 280 2923 γδρ
302 2834 377 2924 ύπέρ
401 2837 455 2922 μὶν
476 2834 589 2904 τούτων
611 2836 678 2905 ούτε
700 2839 819 2922 μηθένα
846 2835 1032 2921 ποιήσασθαι
1053 2836 1143 2923 λόγον
1272 2887 1275 2892 .

127 2933 310 3020 ύπαιτούσης
331 2941 384 3019 τῆς
405 2932 577 3014 έττοθέσεως
598 2942 695 3014 καλῶς
718 2931 794 3020 εἶχεν
812 2932 880 3002 ούτε
903 2931 1045 3019 μηκύνειν
1067 2934 1143 3018 πέρα

126 3039 179 3098 τοῦ
201 3035 320 3111 δέοντος
341 3032 473 3119 ἥρμοττε.
1152 3087 1205 3138 488

218 3155 277 3225 17.
296 3161 363 3225 δία.
374 3157 478 3240 1140,
487 3162 531 3222 10
553 3161 639 3241 Apud
654 3160 789 3241 Fabium,
799 3159 886 3239 longe
901 3161 1142 3240 antiquissimum
1151 3158 1206 3228 ἐδδ

126 3258 290 3332 auctorem,
313 3268 408 3332 usque
432 3251 469 3313 ad
493 3259 679 3313 senectutem
699 3252 814 3312 uixisse
837 3248 965 3312 eundem
990 3248 1141 3328 [ίίοείοίυ-
1157 3264 1183 3304 ³⁰

126 3337 214 3420 παπ]
236 3341 373 3423 inueni03
396 3339 490 3402 refert
513 3348 595 3402 certe
618 3339 695 3402 hane
718 3357 807 3420 saepe
830 3356 899 3401 eum
922 3347 1025 3414 erecta
1048 3345 1161 3400 aetate·

127 3446 291 3510 usurpasse
314 3447 429 3512 uocem,
453 3429 547 3491 multo
570 3430 709 3490 miserius
733 3431 798 3490 seni
821 3427 942 3490 exilium
966 3445 1041 3490 esse.
1154 3469 1207 3520 324

220 3537 277 3607 18.
297 3545 365 3607 Liu.
378 3545 545 3621 VIII30,1
563 3543 598 3605 ln
608 3544 761 3607 Samnium
775 3544 900 3606 incertis
914 3545 989 3604 itum
1004 3540 1207 3622 auspiciisise

128 3640 185 3714 est,
208 3635 296 3697 euius
318 3635 364 3695 rei
385 3635 494 3696 uitium
514 3651 573 3694 non
592 3635 624 3694 in
642 3631 713 3695 belli
731 3641 883 3713 euentum,
901 3631 982 3712 quod
1000 3648 1144 3712 prospere
