2620 4054
427 245 654 303 FRAGMENTA
674 253 770 303 7-26.
1041 245 1107 311 353

94 421 182 462 κοντα
208 392 307 478 Τάρσα
334 391 418 477 κῶμη
446 392 687 477 πολυάνθρωπος
715 391 816 481 ᾠκεῖτο
845 391 909 458 άνω
941 399 993 458 τοῦ
1021 417 1108 458 ποτα-

96 499 152 575 μοῦ
175 497 312 571 σταδίους
334 489 562 558 πεντεκαίδεκα.’
611 561 614 566 ,

187 587 243 655 16.
268 595 369 671 steph.
384 594 460 672 Byz.
475 611 498 654 ε.
512 612 542 653 κ.
552 613 584 671 p.
602 594 665 654 713
688 588 811 672 Ὠτηνή,
835 597 923 672 μοῖρα
946 586 1108 672 Ἀρμενίας.

96 687 290 773 Κουάδρατος
321 691 354 753 ἐν
387 694 555 769 Παρθικῶν
586 690 682 776 τρίτῳ·
723 683 772 750 “0
805 686 838 750 δὲ
873 693 924 768 τῆς
957 683 1110 769 Ἀρμενίας

95 783 232 869 βασιλεὺς
255 786 394 869 Πάκορος
417 782 561 872 ἐντούτῳ
579 787 646 869 περὶ
660 781 820 868 Ἀρτάξατα
841 787 891 850 καί
913 781 967 867 τὴν
982 778 1138 868 Ώτηνὴνσ

94 891 146 966 τῆς
165 881 319 967 Ἀρμενίας
341 881 475 969 διάγων.’.

186 979 243 1045 17.
267 999 315 1046 nx
329 999 435 1047 numo
455 999 509 1045 1111
529 985 629 1060 Steph.
645 983 721 1060 Byz.
736 1002 758 1043 s.
773 1001 803 1043 υ.
817 1001 845 1059 υ.
857 982 930 1042 671)
952 976 1110 1062 Φράασιια,

97 1082 223 1163 Μηδίας
244 1075 339 1156 πόλις.
386 1078 580 1162 Κουάδρατος
602 1083 770 1160 Παρθικῶν
792 1076 923 1165 τετάρτῳ.

188 1175 246 1242 18.
268 1196 315 1242 Ex
332 1193 439 1243 muno
458 1195 495 1242 v1
519 1180 620 1256 steph.
634 1179 711 1256 Byz.
725 1199 748 1240 s.
764 1198 792 1240 υ.
808 1199 838 1256 μ.
853 1179 922 1240 705
940 1173 1112 1260 Ὠβαρηνόι,

97 1275 183 1357 μίρυς
202 1272 355 1357 Ἀρμενίας
373 1279 588 1358 παρακείμενον
602 1271 694 1361 Κόρῳ
716 1280 848 1360 ποταμῷ,
871 1272 949 1351 ὅστις
963 1272 1111 1360 Πόφράτη
1128 1292 1153 1331 1⁰

96 1371 290 1456 παραλληλως
316 1376 383 1456 ἔχει.
437 1373 579 1457 μέμνηται
607 1368 636 1434 δ’
662 1369 760 1434 αὐτῶν
786 1372 837 1434 καὶ
859 1369 1053 1454 Κουάδρατος
1080 1373 1113 1436 ἐν

98 1468 168 1554 ἕκτῳ
194 1474 373 1550 Παρθικῶνε
398 1468 504 1555 εΠαρδι
527 1470 560 1534 δὲ
578 1467 671 1556 Κάρῳ
694 1473 816 1557 ποταμῷ
831 1465 998 1551 Ὠβαρηνοί
1017 1495 1046 1533 τε
1063 1471 1114 1534 καί

93 1554 214 1649 Ὠτηνοδ
232 1567 380 1649 νέμονται,
399 1569 473 1652 μέγα
490 1569 577 1652 μέρος
591 1565 745 1650 Ἀρμενίας
759 1563 947 1642 5v1s9.'-=s.
962 1589 991 1630 τι.
1004 1565 1114 1651 Ώτηνή

94 1687 125 1746 μ.
148 1667 218 1728 713.

191 1760 248 1828 19.
267 1780 315 1827 nx
329 1779 436 1829 numo
455 1781 504 1827 vn
529 1765 912 1844 81ιμλι.Βγι.υ.υ.μ.308
933 1767 1114 1846 Θελαμοῦζυ,
1130 1779 1155 1820 1⁵

99 1858 246 1944 φροόριον
268 1866 320 1943 τῆς
342 1858 412 1943 παρ’
438 1856 606 1944 Εὐφράτην
626 1859 776 1944 Ἀραβίας,
800 1857 840 1936 ῶς
863 1856 1059 1945 Κουάδρατος
1082 1864 1116 1926 ἐν

100 1963 269 2041 Παρθικῶν
293 1955 416 2043 ἑβδόμη.

191 2055 249 2122 20.
275 2075 322 2122 τοτε
340 2072 445 2120 μιοοο
465 2073 529 2119 vm
552 2059 653 2134 Steph.
668 2059 745 2135 Byz.
759 2079 781 2120 s.
801 2078 830 2120 υ.
845 2077 876 2136 μ.
891 2059 956 2120 194
987 2056 1115 2140 Γάζακα,

101 2151 185 2230 πόλις
207 2159 324 2239 μεγίστη
347 2160 399 2236 τῆς
422 2156 557 2235 Μηδίας,
581 2149 622 2229 ῶς
640 2152 834 2238 Κουάδρατος
857 2155 891 2218 ἒν
913 2151 1012 2243 ὀγδόῳ
1032 2163 1117 2240 Παρ-

101 2255 207 2315 θικῶν.
1132 2269 1160 2308 το

194 2345 253 2414 21.
278 2353 378 2430 Steph.
398 2353 474 2430 Byz.
493 2371 516 2413 ε.
535 2371 564 2412 α.
580 2371 610 2429 p.
626 2352 695 2412 437
732 2350 904 2434 ,Μοισχάνη,
933 2349 1017 2428 πόλις
1043 2349 1118 2435 πρὸς

103 2451 163 2509 τῶν
186 2452 342 2527 Σιιηνιτῶν
361 2442 506 2531 Ἀράβων.
552 2444 746 2529 Κουάδρατος
770 2445 867 2534 ὀγδόῳ
891 2453 1067 2532 Παρθικῶν.

195 2540 253 2608 22.
277 2560 325 2606 υτ
347 2561 453 2609 τουτο
473 2563 510 2608 1x
538 2547 639 2624 steph.
659 2548 735 2626 Byz.
754 2569 777 2610 s.
797 2567 826 2610 υ.
843 2569 873 2628 p.
888 2551 950 2611 581
987 2548 1118 2631 Σόλυμα,

104 2639 189 2716 πόλις
208 2638 382 2723 Ἀσσυρίων,
405 2640 474 2723 μετά
492 2639 547 2725 τὴν
564 2640 675 2707 άλωσιν
693 2649 745 2708 τοῦ
768 2650 844 2709 ναοῦ
867 2651 920 2710 τοῦ
943 2647 976 2709 ἒν
993 2643 1118 2730 Ἱεροσο-

105 2735 208 2822 λόμοις
230 2745 392 2817 κτισθεῖσα,
416 2735 465 2816 ῶς.
478 2739 671 2823 Κουάδρατος
694 2738 787 2829 ἐνάτῳ
811 2747 985 2825 Παρθικῶν.
1133 2757 1160 2798 ²⁵

196 2832 255 2902 23.
280 2840 381 2916 Stepk.
396 2838 471 2916 Byz.
490 2859 512 2900 ε.
527 2859 556 2901 α.
568 2860 600 2917 μ.
614 2842 680 2902 593
720 2838 879 2923 Συρβανή,
902 2846 993 2922 νῆσος
1021 2842 1052 2906 ίν
1080 2849 1120 2931 τῷ

105 2931 267 3019 Εὖφράτη,
291 2930 331 3010 ῶς
353 2928 548 3016 Κονάδρατος
570 2934 663 3023 ἐνάτῳ
687 2942 861 3018 Παρθικῶν.

197 3029 255 3096 24.
280 3036 380 3111 steph.
396 3034 473 3111 Byz.
487 3053 511 3094 s,
525 3053 554 3094 α.
566 3053 596 3110 p.
614 3036 679 3096 623
705 3035 928 3119 Τιγρανόκερτα,
951 3033 1120 3120 εόδετίρως,

106 3127 193 3206 πόλις
228 3127 303 3212 πρὸς
327 3127 496 3212 Ἀρμενίαν,
524 3121 584 3194 άπδ
615 3130 762 3215 Τνγράνου
794 3133 936 3216 βασιλέως
959 3129 1123 3217 Ἀρμενίας.

107 3223 303 3312 Κουάδρατος
319 3224 425 3313 ἐνάτῳ·
445 3222 522 3289 εΚαί
541 3223 637 3312 ρ’όκησε
653 3225 689 3291 τὰ
710 3230 936 3313 Τιγρανόκερτα·
960 3227 992 3295 τδ
1012 3229 1040 3296 δ’
1062 3234 1119 3298 ἔστί
1134 3249 1161 3288 ³⁰

107 3332 142 3414 τῇ
165 3329 355 3407 Παρθυαίων
374 3329 463 3408 φωνῇ
494 3321 747 3408 Τιγρανοόπολις.’

199 3419 256 3487 25.
276 3440 324 3486 Ex
337 3439 406 3486 κιο.
421 3437 580 3486 ικοτκυιε
604 3425 705 3501 steph.
715 3425 791 3502 Byz.
802 3445 825 3486 s.
836 3446 865 3487 υ.
875 3446 908 3504 μ.
918 3429 983 3490 172
1001 3425 1121 3512 Βόγχαι,

107 3522 200 3596 ἔθνος
227 3528 289 3596 τοῖς
311 3525 484 3604 Καρρηνοῖς
511 3523 738 3602 προσκείμενον,
766 3520 856 3602 μέσον
879 3520 1043 3608 Εὐφράτου
1070 3527 1122 3590 καὶ

108 3614 215 3700 Κόρου
238 3624 382 3702 ποταμοῦ,
405 3613 445 3695 ῶς
468 3614 669 3702 Κουάδρατος.

163 3730 254 3786 Ριττι,
268 3732 332 3773 Ηίετ.
345 3733 410 3774 Rom.
424 3731 505 3780 fragm.
929 3729 963 3778 23
