2640 4052
439 239 669 298 FRAGMENTA
686 245 800 297 84-90.
1087 241 1129 306 57

111 411 141 454 u.
167 410 324 455 carruca
343 411 375 469 p.
390 391 455 453 187
478 390 656 452 Censeo-
682 392 819 468 imperes.
848 388 887 466 cs.
916 391 1038 463 Quintil.
1062 394 1130 454 inst.

119 483 202 543 VIII
211 483 241 556 3,
256 480 309 543 48.
340 483 395 554 (ex
409 498 444 544 eo
458 481 610 542 Eclcstein.
625 482 732 541 anecd.
757 480 832 539 Par.
851 496 882 556 p.
897 479 966 552 20.)
976 505 1019 530 -π
1034 481 1131 544 Cicer.

112 574 152 634 de
168 590 231 632 sen.
246 570 301 647 20,
319 571 363 629 75
385 569 531 649 Legiones
545 575 671 648 nostras,
686 567 765 647 quod
781 568 889 647 scripsi
906 569 938 630 in
956 569 1131 651 originibus,

112 662 144 721 in
168 679 238 721 eum
256 659 356 720 locum
380 677 467 738 saepe
485 657 635 737 prolectas
654 657 745 718 alacri
762 658 860 717 animo
880 664 910 718 et
928 665 1028 718 erecto
1052 659 1131 720 unde

112 768 145 811 se
165 747 317 810 redituras
336 764 499 827 numquam
517 745 743 808 arbitrarentur.
762 745 880 808 Tuscul.
897 745 1052 822 142,101
1072 747 1130 809 Sed
1145 763 1158 804 s
1193 787 1196 792 ,

113 837 186 920 qnid
200 837 295 898 duces
309 844 340 898 et
357 838 510 916 principes
524 837 683 916 nominem,
698 852 767 896 cum
784 834 916 914 legiones
933 835 1045 897 scribat
1059 836 1131 898 Cato

112 945 203 1006 saepe
218 925 325 988 alacris
339 927 370 986 in
384 944 453 986 eum
472 923 571 986 locum
585 925 743 1004 prolectas,
758 923 836 984 unde
851 923 1001 985 redituras
1020 943 1051 985 se
1070 943 1131 986 nou

111 1015 342 1078 arbitrarentur.
361 1046 405 1058 —
425 1016 460 1075 P.
474 1014 520 1074 56
542 1033 571 1076 u.
590 1013 633 1074 23
658 1009 700 1064 i==
730 1012 845 1090 Vopisc.
866 1013 999 1094 Priuer,
1017 1014 1044 1075 1.
1068 1017 1129 1075 uid.

115 1107 189 1168 Geli.
210 1104 253 1180 fr.
267 1105 294 1165 1.
1139 1102 1194 1182 {l}

204 1186 263 1256 84.
289 1195 356 1255 Non
378 1211 402 1253 s.
420 1211 450 1254 u.
470 1193 716 1253 duodeuicesima
732 1210 764 1269 p.
778 1190 848 1250 100
874 1189 945 1252 Cato
969 1192 1000 1251 in
1024 1199 1130 1270 quarto
1141 1191 1194 1242 ⁶³⁶

112 1283 277 1362 originum:
292 1280 404 1342 Deinde
418 1280 653 1342 duoetuicesimo
667 1298 745 1340 anno
759 1287 828 1358 post
842 1278 998 1340 dimissum
1011 1279 1131 1361 behem,

112 1370 193 1452 quod
214 1377 356 1450 quattuor
372 1377 402 1430 et
420 1371 529 1449 uiginti
543 1386 635 1430 annos
655 1369 719 1450 fuit,
734 1368 994 1448 Carthaginienses
1014 1378 1131 1431 sertum

113 1460 150 1522 de
166 1459 287 1521 foedere
307 1459 473 1520 decessere.
488 1485 530 1508 =
549 1459 620 1519 Geli.
635 1458 671 1518 X
681 1458 767 1540 1,10
793 1457 827 1519 lu
841 1456 878 1518 Μ.
897 1465 996 1520 autem
1011 1457 1131 1519 Catonis
1159 1517 1169 1522 -

114 1556 221 1630 quarta
245 1549 360 1628 origine
383 1549 425 1609 ita
443 1545 644 1627 perscribtum
667 1553 726 1609 est:
750 1543 1009 1626 Carthaginienses
1024 1580 1065 1590 —
1081 1547 1130 1608 de·
1199 1605 1203 1612 .

113 1656 243 1700 cessere.
1145 1650 1172 1691 rs

51 1735 55 1742 '
207 1720 312 1788 85**.
336 1727 424 1786 Seru.
444 1728 488 1786 cd
503 1726 577 1786 Aen.
592 1726 628 1786 Χ
642 1725 683 1786 13
705 1723 849 1802 Alpes-
867 1743 942 1804 quae
966 1725 1131 1787 secundum

113 1815 259 1878 Catonem
273 1814 433 1876 ethiuium
444 1811 544 1892 [XXI
553 1814 605 1888 35,
614 1812 648 1892 8]
658 1815 740 1875 muri
752 1815 820 1874 uice
834 1812 995 1875 tuebantur
1009 1813 1130 1875 ltaliam.

207 1898 301 1980 86³5.
318 1905 391 1965 Geli.
415 1904 451 1963 X
464 1903 561 1978 24,7
589 1901 629 1964 Et
650 1902 805 1964 historiam
829 1911 928 1964 autem
951 1910 981 1963 ct
1004 1867 1196 2007 uerbumgsg

113 1994 172 2055 hoc
183 1994 312 2072 sumpsit
322 1991 441 2053 Coelius
451 2010 487 2052 ex
496 1994 611 2071 origine
621 1989 658 2052 M.
670 1991 798 2072 Catonis,
812 1993 843 2053 in
859 2010 915 2072 qua
930 1993 970 2053 ita
985 1993 1132 2071 scriptum

113 2090 174 2144 est:
198 2080 294 2162 lgitur
317 2081 493 2142 dIctatorem
516 2079 809 2160 Karthaginiensium
831 2082 973 2160 magister
996 2082 1131 2160 equitum
1145 2095 1172 2136 ao

112 2172 245 2232 monuit:
260 2166 355 2231 ‘Mitte
371 2188 487 2232 mecum
502 2168 625 2230 Romam
639 2172 818 2254 equitatum:
837 2169 984 2249 diequinti
1002 2171 1033 2230 in
1048 2168 1131 2250 Capi·

112 2259 187 2321 tolio
211 2259 267 2320 tibi
290 2277 363 2320 cena
387 2266 471 2319 cocta
490 2253 568 2321 erit'.
597 2260 651 2332 (ex
671 2259 766 2320 Gella'o
785 2259 922 2320 Macrob.
939 2259 960 2318 I
969 2259 1000 2334 4,
1014 2258 1067 2319 26.
1091 2257 1130 2334 cf.
1209 2305 1211 2308 -

117 2351 196 2412 Coei.
215 2347 258 2424 fr.
273 2348 340 2421 25.)

206 2440 261 2508 87.
288 2447 360 2509 Gen.
377 2444 475 2519 1119,
490 2443 512 2504 9
534 2443 571 2506 M.
587 2443 658 2505 Cato
672 2445 704 2505 iu
718 2451 824 2523 quarto
839 2445 1000 2524 originum:
1019 2443 1132 2506 Deinde

114 2536 244 2597 dictator
258 2534 342 2596 iubet
356 2534 500 2614 postridie
515 2533 690 2613 magistrum
704 2535 839 2612 equitum
858 2535 983 2595 arcessi:
1006 2529 1132 2596 ‘Mittam
1146 2545 1174 2588 2⁶

113 2633 155 2706 te,
174 2625 201 2685 si
219 2625 281 2704 uis,
300 2642 369 2685 cum
389 2617 562 2703 equitibus’.
592 2618 678 2684 ‘Sero
697 2616 755 2682 est'
774 2624 873 2703 inquit
890 2625 1032 2702 magister
1050 2624 1132 2703 equi-

113 2723 180 2774 tum
204 2708 275 2773 ‘iam
298 2706 472 2775 resciuere'.

207 2804 290 2873 88²².
315 2811 393 2872 Pla'n.
417 2829 446 2871 n.
466 2811 494 2871 b.
516 2808 598 2869 VIII
608 2809 647 2869 11
674 2809 830 2889 Antipater
852 2816 956 2871 auctor
979 2817 1034 2890 est,
1057 2809 1132 2869 duos

115 2896 321 2980 [elephantos]
336 2898 482 2959 Antiocho
501 2900 566 2978 regi
583 2898 615 2958 in
633 2896 748 2959 bellicis
767 2897 872 2960 usibus
891 2897 1025 2959 celebres
1044 2899 1133 2959 etiam

114 2986 346 3068 cognominibus
370 2987 470 3049 fuisse.
506 2988 616 3048 etenim
640 3004 753 3048 nouere
776 3005 819 3047 ea.
856 2995 937 3049 certe
960 2986 1041 3067 Cato,
1065 3004 1134 3047 cum
1147 3000 1176 3042 so

114 3079 331 3158 imperatorum
354 3078 475 3137 nomina
498 3074 653 3137 annalibus
677 3075 848 3156 detraxerit,
871 3093 940 3137 eum
963 3078 1016 3155 qui
1034 3077 1133 3136 lortis-

115 3168 191 3227 sime
214 3163 379 3246 proeliatus
403 3174 482 3228 esset
500 3165 532 3225 in
550 3163 663 3225 Punica
685 3165 758 3245 acie,
778 3163 887 3226 Surum
906 3164 1029 3226 tradidit
1047 3183 1133 3226 uoca-

113 3263 181 3317 tum
204 3252 298 3316 altero
321 3254 410 3314 dente
433 3251 577 3315 mutilato.

207 3345 312 3413 89**.
336 3351 425 3412 Seru.
449 3353 499 3412 ad.
522 3351 597 3412 Aeo.
612 3351 669 3411 III
687 3350 758 3409 707
787 3348 858 3411 Cato
881 3350 1037 3429 pluraliter
1060 3351 1133 3412 haec

114 3439 253 3518 Drepana
277 3438 357 3500 dicit
1147 3461 1175 3503 ss

207 3532 267 3599 DD.
291 3539 445 3600 Preciae.
466 3536 548 3597 VIII
559 3556 590 3614 p.
605 3535 670 3598 382
683 3538 720 3598 II.
745 3535 816 3599 Cato
839 3539 871 3598 in
894 3537 948 3598 MD
971 3539 1133 3617 originum:
1210 3607 1214 3615 ¹

114 3627 181 3689 Duo
206 3625 308 3690 exules
332 3625 397 3706 lege
419 3625 539 3705 pubhca
554 3671 673 3688 ......
688 3636 718 3687 et
741 3629 883 3688 execrari.
