2620 4054
187 226 253 290 280
550 225 578 283 Ο,
597 224 687 280 IVLII
704 221 837 280 HYGINI

185 411 377 468 LIBRORVII
395 411 444 466 DE
463 411 552 467 VITA
570 411 764 478 REBVSQVE
783 409 1012 467 INLVSTRIVII
1031 411 1205 468 VIRORVM

581 499 810 556 FRAGMENTA

277 610 312 678 2.
335 617 444 678 Ascua.
459 619 491 675 in
506 616 607 676 Pison.
618 633 648 690 p.
663 614 704 674 12
718 616 755 673 K.
770 613 886 674 Valerio
900 613 1037 694 Maximo,
1052 623 1085 676 ut
1098 615 1203 676 Antias

165 725 166 728 ¹
187 703 315 782 [sr.17]
335 703 466 785 tradidit,
483 705 562 764 Inter
581 703 653 763 alios
671 702 801 763 honores
819 703 925 764 domus
944 721 1063 782 quoque
1083 703 1203 783 publice
1289 759 1290 766 ,

185 793 337 854 aedificata
360 793 459 854 estin
483 791 608 873 Palatio,
632 793 718 852 ouius
740 793 851 872 exitus,
876 811 934 871 quo
959 794 1052 872 magis
1074 795 1202 872 insignis

158 942 165 956 ,
188 889 276 964 esset,
299 883 330 943 in
354 880 507 961 publicum
530 899 638 942 uersus
657 879 866 961 declinaretur,
889 880 946 941 boc
970 889 1017 942 est
1039 889 1122 942 extra
1142 885 1201 961 pri·

184 978 288 1033 uatum
316 972 492 1050 aperiretur.
534 969 696 1030 Varronem
728 977 827 1030 autem
860 969 978 1030 tradere
1010 970 1047 1032 ll.
1075 970 1232 1051 Valerio,s

187 1061 255 1138 quia
279 1061 399 1138 saepius
422 1059 545 1140 uicerat,
569 1057 656 1119 aedes
679 1060 714 1119 iu
729 1057 841 1119 Palatio
865 1057 1006 1136 tributas,
1030 1058 1124 1125 lulius
1143 1058 1201 1140 Hy·

185 1150 273 1228 ginus
296 1148 369 1210 dicit
391 1151 423 1208 in
445 1146 522 1208 libro
550 1149 651 1227 priore
679 1148 715 1208 de
742 1149 818 1209 uiris
846 1146 948 1229 claris,
976 1157 1006 1210 et
1027 1148 1060 1209 P.
1084 1147 1200 1209 Valerio

183 1235 283 1298 Volesi
310 1237 370 1298 lilio
397 1235 567 1300 Publicolae
596 1236 715 1303 aedium
742 1235 863 1314 publice
890 1240 988 1298 Iocum
1016 1236 1073 1298 sub
1101 1237 1201 1319 Veliis,

183 1325 236 1386 ubi
259 1344 338 1388 nunc
362 1325 443 1393 aedis
462 1325 609 1386 Victoriae
633 1333 687 1405 est,
710 1325 854 1404 populum
878 1325 1007 1406 exlege,
1026 1329 1199 1406 quamipse

185 1413 302 1496 tulerat,
326 1416 519 1477 concessisse.
1041 1455 1046 1463 .
1218 1431 1247 1470 1o

274 1515 307 1584 3.
335 1522 407 1582 Geli.
422 1522 444 1580 Ι
452 1521 495 1580 14
518 1519 611 1580 lulius
633 1517 769 1600 Hyginus
792 1523 824 1581 in
847 1520 924 1581 libro
948 1521 985 1581 de
1009 1524 1070 1583 uita
1095 1521 1200 1582 rebus·

185 1627 243 1689 que
266 1609 437 1670 inlustrium
460 1611 596 1670 uiuorum
625 1617 708 1670 sexto
736 1609 848 1689 legatos
875 1609 949 1670 dicit
976 1629 992 1671 a
1017 1610 1201 1673 Samnitibus

184 1698 220 1758 ad
244 1697 275 1759 C.
299 1696 482 1778 Fabricium,
505 1699 715 1776 imperatorem
739 1699 841 1777 populi
864 1698 1001 1775 Romani,
1026 1701 1146 1760 uenisse
1170 1709 1201 1760 et

183 1788 354 1848 memoratis
377 1785 479 1848 multis
496 1789 670 1866 magnisque
689 1787 794 1868 rebus,
813 1805 888 1867 quae
908 1786 984 1848 bene
1008 1806 1041 1849 ac
1061 1787 1200 1850 benIuole

183 1884 251 1954 post
274 1875 421 1937 redditam
448 1893 552 1955 pacem
577 1875 759 1938 Samnitibus
786 1877 919 1956 lecisset,
948 1876 1093 1956 optulisse
1121 1876 1199 1939 dono
1216 1893 1244 1932 1⁵

183 1965 325 2044 grandem
352 1967 509 2044 pecuniam
537 1982 712 2046 orasseque,
738 1967 784 2027 uti
814 1968 963 2044 acciperet
993 1973 1200 2046 utereturque,

183 2061 272 2133 atque
294 2047 325 2114 id
349 2055 447 2115 lacere
467 2053 615 2115 Samnites
638 2053 758 2135 dixisse,
782 2053 861 2133 quod
885 2054 1024 2115 uiderent
1046 2054 1139 2116 multa
1163 2055 1200 2116 ad

183 2141 370 2221 splendorem
394 2143 500 2204 domus
524 2151 612 2222 atque
635 2144 736 2204 uictus
759 2143 862 2204 defieri
885 2161 983 2223 neque
1011 2162 1066 2223 pro
1096 2143 1201 2223 ampli·

182 2229 286 2291 tudine
310 2232 512 2311 dignitateque
535 2231 649 2292 lautum
671 2239 807 2310 paratum
830 2249 904 2292 esse.
941 2240 1005 2292 tum
1029 2231 1199 2295 Fabricium

182 2319 285 2398 planas
307 2337 414 2380 manus
437 2318 474 2379 ab
497 2319 619 2380 auribus
635 2320 678 2380 ad
702 2319 803 2381 oculos
832 2329 862 2381 et
888 2321 965 2381 inira
993 2320 1134 2400 deinceps
1163 2322 1200 2383 ad
1216 2338 1245 2377 ao

182 2425 270 2468 nares
294 2415 324 2468 et
347 2408 383 2468 ad
407 2427 440 2468 os
464 2416 494 2468 et
517 2408 552 2468 ad
576 2407 674 2487 gulam
698 2418 786 2488 atque
809 2409 879 2469 inde
896 2427 986 2489 porro
1006 2409 1041 2470 ad
1061 2417 1200 2470 uentrem

182 2497 275 2556 imrtm
299 2496 457 2558 deduxisse
482 2504 512 2557 et
534 2496 639 2576 legatis
662 2499 704 2558 ita
725 2497 930 2578 respondisse:
953 2497 1024 2558 dum
1054 2498 1114 2559 illis
1138 2517 1199 2560 om·

182 2584 271 2647 nibus
299 2584 441 2646 membris
470 2604 545 2664 quae
574 2587 735 2666 attigisset,
763 2589 909 2665 opsistere
938 2595 1027 2666 atque
1050 2589 1199 2666 imperare

181 2683 297 2756 posset,
321 2693 483 2754 numquam
507 2676 666 2755 quicquam
690 2675 876 2756 defuturum,
899 2685 1058 2756 propterea
1086 2694 1117 2736 se
1145 2694 1198 2754 pe-

182 2765 310 2844 cuniam,
329 2782 386 2842 qua
405 2762 480 2824 nibil
499 2763 556 2824 sibi
575 2771 654 2824 esset
672 2782 755 2846 usus,
774 2763 810 2825 ab
828 2766 875 2844 iis,
894 2764 1003 2844 quibus
1023 2783 1087 2826 cam
1106 2765 1200 2826 sciret
1216 2780 1245 2822 ss

181 2854 251 2912 usui
275 2870 349 2932 esse,
372 2871 433 2912 non
456 2855 601 2931 accipere.

271 2952 307 3021 4.
334 2960 407 3020 Gall.
428 2959 474 3020 VI
483 2957 546 3032 1‚2
567 2957 642 3020 Nam
666 2966 696 3019 et
714 2958 745 3020 C.
764 2958 879 3039 Oppius
903 2968 934 3020 et
951 2959 1045 3021 lulius
1064 2959 1201 3040 Hyginus

182 3047 300 3128 aliique,
324 3047 436 3126 quide
460 3050 522 3108 uita
546 3054 575 3108 et
598 3046 690 3108 rebus
708 3048 841 3109 Alricaui
864 3051 1059 3130 scripserunt,
1083 3056 1117 3110 et.
1132 3069 1161 3130 q.
1177 3068 1201 3110 s.

181 3139 243 3198 uid.
263 3138 336 3214 Opp.
348 3136 390 3212 fr.
406 3136 468 3214 2p.
483 3135 558 3196 249.
715 3144 717 3147 ’

167 3364 170 3369 ,
266 3303 457 3360 tresorum
475 3285 619 3360 unsrun
637 3305 865 3362 rrunroaavu
883 3308 1113 3364 rurcunuur

272 3414 332 3479 5³¹⁸.
356 3418 444 3479 Seru.
465 3421 509 3479 od
521 3419 595 3479 Aen.
610 3420 631 3478 I
641 3420 709 3480 530
732 3418 871 3480 Ceterum
889 3419 973 3482 ltalia
992 3421 1137 3502 Hesperia
1156 3423 1200 3484 di·
1217 3440 1245 3479 eo

181 3509 260 3568 citur
280 3525 296 3566 a
315 3505 406 3565 fratre
425 3505 560 3587 Atlantis,
580 3509 631 3586 qui
649 3506 754 3586 pulsus
773 3526 789 3567 a
808 3525 948 3586 germano
968 3509 1082 3571 ltaliam
1101 3515 1202 3573 tenuit

182 3597 270 3674 eique
294 3612 402 3654 nomen
425 3596 569 3672 pristinae
588 3598 719 3674 regionis
738 3599 877 3678 inposuit,
898 3609 930 3660 ut
949 3598 1083 3679 Hyginus
1102 3598 1201 3662 docet.
