2620 4054
187 261 253 330 348
527 219 737 318 11111111
755 257 866 318 ooour

277 406 336 475 li.
368 413 571 490 aara.17,a
605 411 666 473 Sed
692 425 750 492 ego
778 411 897 473 lunium
922 409 1056 472 sardam
1085 424 1206 493 sapum,
1295 457 1296 470 .

188 504 240 582 qul
253 501 336 563 'dicit
356 517 394 563 ex
418 501 557 564 omnibus
580 496 629 563 hia
651 499 771 562 familiis
793 499 970 580 [Sospioaia
989 501 1122 577 Pompei,
1141 502 1205 562 An-

188 593 370 672 ioniaomoo,
387 589 526 670 Antonia]
550 590 768 654 Gordianorum
791 590 937 652 coaluisse
960 587 1154 652 accuratam.

279 684 336 751 13.
363 690 455 751 Garri.
474 689 544 765 4,6
578 688 694 750 Cordus
717 688 791 751 dicit
812 692 845 750 111
868 687 1007 750 omuibus
1031 688 1206 751 ciuitatibus

188 777 372 859 Campaniae,
390 775 539 860 Etruriae,
552 776 700 860 Vmbriae,
715 775 887 859 Flaminiae,
905 776 1009 839 Piceni
1027 775 1064 839 de
1082 781 1235 858 proprios

187 865 271 929 illurn
288 863 497 945 [amarorum
510 871 645 948 primam
662 869 796 929 amdam
815 865 1044 946 inoperotorem]
1060 885 1115 948 per
1136 883 1207 948 qua·
1230 922 1235 930 .

189 955 330 1018 dridamm
351 955 440 1017 ludos
463 958 616 1018 scaenicos
640 964 670 1018 et
691 954 842 1018 iuuenalia
865 955 1004 1018 edidisse.

124 1054 179 1134 {³9
281 1048 337 1117 14.
364 1055 456 1116 Garsi.
471 1053 537 1129 5‚5
559 1051 682 1115 imatus
706 1061 752 1114 est
774 1051 811 1115 ab
830 1053 910 1115 diris
930 1049 1121 1132 [Gordianus
1141 1057 1206 1132 pri-

126 1143 255 1206 98311111
273 1160 334 1224 pro
357 1141 494 1220 consule]
517 1144 558 1204 ita
582 1147 616 1204 ut
638 1159 726 1204 nemo
750 1151 835 1204 amaa
858 1139 1085 1224 proconsulum,
1109 1143 1150 1204 ita
1171 1151 1207 1205 ut

188 1249 257 1298 eum
279 1232 329 1294 alii
353 1232 533 1312 Scipionem,
558 1231 698 1292 Catonem
722 1229 781 1312 alii,
803 1232 890 1294 multi
912 1227 1044 1296 Mucium
1069 1249 1102 1294 ac
1121 1229 1205 1293 liuti-
1222 1253 1250 1295 ro

187 1321 261 1384 mm
280 1329 331 1383 aut
352 1319 486 1382 Laelium
510 1318 653 1382 dicerem.
685 1327 781 1381 exstat
804 1339 909 1383 eorum
927 1320 1110 1402 adclamatio,
1130 1337 1205 1401 quae

188 1429 205 1474 a
223 1410 308 1472 Iunio
327 1412 358 1470 in
377 1410 492 1471 litteras
511 1409 602 1470 relato
623 1417 676 1470 est.
712 1408 787 1470 Nam
803 1428 872 1473 eum
887 1410 1013 1490 quadam
1027 1409 1075 1471 dia
1094 1409 1206 1472 iactum
1295 1433 1296 1440 ¹

187 1501 413 1580 imperatorium
441 1495 554 1578 legeret
587 1505 677 1578 atque
708 1516 724 1558 a
756 1495 987 1578 proconsulibus
1015 1493 1206 1579 Scipionibus

189 1591 345 1670 coepisset,
369 1585 564 1649 adclamatum
589 1594 648 1648 est:
679 1581 1039 1670 ε11ο111111111111111,111ιό
1063 1588 1206 1670 Scipioni,

189 1673 337 1739 Gordiano
359 1671 554 1757 proconsuli?
1222 1697 1250 1738 aa

125 1773 180 1854 Q}
280 1769 337 1836 15.
364 1773 551 1847 Gord.11‚1
583 1772 720 1856 interest,
743 1782 778 1836 ut
802 1781 924 1836 senatus
943 1773 1122 1856 consultum,
1146 1792 1206 1853 quc

126 1865 177 1914 991
189 1859 331 1925 Gordiani
357 1865 553 1943 imperatores
581 1860 721 1942 appellati
748 1872 820 1926 sum
847 1872 877 1925 et
899 1861 1078 1925 Maximinus
1099 1861 1206 1946 hostis,

188 1947 297 2014 litteris
319 1958 516 2034 propagetur:
542 1947 608 2011 Non
632 1949 766 2032 legitimo
794 1949 847 2015 aad
872 1953 988 2015 indicto
1012 1959 1134 2014 senatus
1155 1951 1206 2014 alie

190 2040 296 2104 consul
317 2043 377 2101 iam
400 2039 480 2101 domi
503 2047 671 2102 conuentus
692 2057 761 2104 curn
784 2041 982 2122 praetoribus,
1005 2039 1151 2104 aedilibus
1175 2049 1207 2103 et

188 2129 319 2193 tribunis
341 2127 438 2208 piebis
450 2129 536 2189 uenit
556 2129 589 2190 ln
603 2131 727 2192 curiam.
762 2131 932 2214 praelectus
946 2129 1024 2212 urbi,
1038 2131 1088 2192 cui
1102 2131 1205 2192 nescio
1221 2151 1250 2192 ao

189 2217 260 2302 quid
284 2216 468 2300 redulcerat,
491 2227 522 2278 et
545 2220 597 2298 qai
620 2219 755 2300 publicas
778 2220 893 2281 litteras
916 2236 975 2280 noc
1000 2225 1165 2301 acceperat,
1189 2237 1207 2282 a
1295 2287 1296 2292 ,

188 2314 339 2370 cmruentu
359 2323 391 2366 se
410 2305 562 2368 abstinuit.
593 2305 646 2370 saal
665 2307 787 2389 proicit,
806 2325 874 2368 narn
893 2305 998 2368 consul
1015 2316 1085 2368 ante
1103 2305 1207 2370 solitas
1295 2313 1296 2348 l

188 2394 429 2477 adclamationes,
461 2397 637 2477 priusquam
664 2397 776 2476 aliquid
803 2399 835 2457 in
857 2393 1050 2457 Maximinum
1077 2393 1207 2458 ieMclter
1295 2409 1296 2418 ¹

188 2483 349 2566 diceretur,
372 2485 426 2546 alt:
454 2479 573 2547 ‘lutros
597 2485 773 2566 conscripti,
796 2483 938 2544 Gordiani
965 2483 1038 2567 duo,
1067 2493 1207 2566 pateret
1271 2509 1278 2524 ·

188 2569 276 2654 iilius,
299 2569 386 2633 analio
409 2589 445 2634 ex
469 2569 650 2656 consulibus,
672 2589 752 2634 unus
771 2580 873 2634 uester
896 2589 951 2652 pro
975 2575 1108 2657 consule,
1131 2571 1249 2637 alteras
1295 2583 1296 2590 ’

188 2672 290 2724 uester
312 2661 441 2746 legatus,
468 2679 575 2742 magno
598 2663 739 2723 dirorum
761 2659 886 2724 consiliu
915 2665 1112 2744 imperatores
1135 2669 1206 2726 sunt

188 2749 334 2832 appellati.
384 2753 494 2832 gratias
526 2753 618 2831 igitur
650 2767 770 2830 agamus
798 2747 1013 2833 Thysdritanae
1046 2754 1205 2832 iamentuti,

187 2841 297 2919 gratias
318 2838 556 2920 Carthaginiensi
579 2839 689 2920 populo
722 2857 840 2921 semper
866 2842 993 2905 deuota:
1025 2841 1063 2904 aa
1092 2843 1206 2902 inmani

187 2945 242 2990 nos
260 2927 357 3011 heloro,
376 2929 413 2992 air
435 2925 485 2988 illa
504 2929 566 2989 lem
583 2929 823 2992 uindicauerunt.
861 2929 932 3012 quid
952 2931 1055 2992 timide
1071 2924 1205 2990 auditis?

188 3017 259 3098 quid
283 3013 537 3097 circumspicitis?
560 3017 631 3097 quid
655 3017 859 3082 cunctamini?
881 3021 938 3082 hoc
961 3016 1104 3098 estquod
1127 3031 1203 3078 sem·
1219 3039 1247 3082 ao

187 3106 242 3187 per
264 3108 382 3188 optatis.
422 3103 519 3168 hostis
543 3113 590 3168 ost
606 3106 798 3172 Maximinus:
821 3107 852 3170 di
869 3105 988 3188 iaciant,
1007 3114 1125 3168 ateste
1144 3108 1204 3169 iam

187 3195 316 3277 dariam,
348 3203 379 3257 et
405 3193 548 3257 Gordiani
574 3199 659 3259 sauls
683 3197 856 3262 lelicitatcm
888 3203 979 3276 atque
1003 3195 1205 3279 prudentiam,

187 3287 307 3348 iuuenis
323 3283 470 3346 uirtutem
488 3291 578 3366 alapae
600 3289 781 3350 cantantium
805 3286 875 3348 iacti
893 3279 1102 3364 experiamur?
1132 3284 1206 3348 Post

186 3373 261 3435 haee
279 3373 394 3434 litteras
411 3373 716 3454 legltGordiauorun
734 3376 922 3438 aduenarum
941 3381 972 3436 ot
985 3374 1021 3436 ad
1037 3389 1069 3436 ae
1088 3376 1204 3438 missas

187 3470 260 3524 tune
283 3460 461 3524 adclamauit
482 3472 619 3527 senatus:
656 3462 709 3527 ‘lii
740 3463 827 3526 uobis
850 3465 969 3545 gratias.
1018 3461 1137 3526 lilremd
1164 3461 1203 3524 ab
1218 3483 1246 3526 ao

186 3549 324 3613 iactibus
347 3565 461 3633 sumus,
482 3555 510 3614 si
528 3555 649 3633 penitus
667 3549 837 3630 liberemur.
874 3552 1067 3616 Maximinum
1085 3552 1204 3614 11111111
1295 3559 1296 3566 ’

187 3653 291 3702 omnes
313 3639 489 3704 iudicamus.
530 3637 733 3706 Maximinum
751 3659 821 3705 cum
839 3642 966 3706 1111111
986 3643 1093 3708 iulans
1111 3639 1202 3704 dano·
