2614 4056
175 199 181 210 ’
200 237 267 303 sco
419 237 451 304 o.
470 237 622 293 svnncn
639 237 779 294 mnumu
798 237 992 295 smnrscnr

230 443 274 549 Q.
307 444 568 532 AVRMLIVS
599 445 844 533 MEMMIVS
881 444 1168 533 SYMMAOHV
1170 445 1198 533 S

448 593 707 651 rnsrmomvm
724 593 773 650 nn
791 593 966 651 msronm

165 703 199 769 1.
221 709 336 784 Anccd.
355 710 444 772 Hold.
459 729 490 787 p.
505 711 527 770 4
553 711 673 780 lheaer.
698 709 891 790 Symmachus
905 709 1048 789 patricius
1062 717 1093 770 et
1110 709 1217 770 consul

200 797 379 878 ordinarius,
402 801 450 860 uir
472 798 676 880 philosophus,
700 802 752 879 qni
766 801 881 880 antiqui
899 798 1019 860 Catonis
1039 797 1096 858 luit
1113 798 1216 859 nouel-

198 885 247 948 lus
274 889 419 969 imitator,
453 889 504 949 sed
533 890 663 949 uirtutes
695 896 832 950 ueterum
856 888 1042 949 sanctissima
1069 886 1215 966 religione

200 974 392 1038 transcendit.
448 977 523 1037 dixit
555 980 734 1038 sententiam
765 995 820 1057 pro
858 976 1012 1038 allecticiis
1044 977 1076 1036 in
1108 985 1215 1037 senatu

199 1074 398 1145 parentesque
431 1084 502 1126 suos
534 1068 666 1127 imitatus
703 1066 858 1128 historiam
895 1083 1014 1145 quoqne
1052 1064 1243 1128 Romanams

192 1162 313 1232 ¹septem
337 1154 422 1216 lihris
446 1155 548 1216 edidit.

469 1279 665 1336 HISTORIAM
683 1279 942 1336 FRAGMENTVM

289 1388 322 1455 l.
343 1393 425 1455 Iord.
437 1393 465 1455 d.
475 1396 539 1456 rch.
553 1396 615 1455 Get.
626 1394 667 1454 15
689 1391 733 1454 Ex
747 1383 853 1456 eorum
867 1394 1002 1475 reliquiis
1018 1395 1214 1475 [Gothorum]

198 1483 256 1545 luit
278 1490 308 1544 ct
330 1481 508 1544 Maximinus
531 1486 600 1562 imp.
624 1491 692 1562 post
715 1483 915 1544 Alexandrum
937 1483 1094 1545 Mamaeae.
1135 1503 1216 1567 nam,

198 1581 232 1633 ut
254 1571 329 1633 dicit
352 1571 547 1651 Symmachus
570 1573 601 1631 in
626 1575 729 1650 quinto
754 1583 825 1634 suae
847 1571 990 1633 historiae
1013 1572 1101 1654 lihro,
1123 1573 1215 1634 Maxi-

198 1662 313 1740 minus,
345 1662 497 1741 inquiens,
525 1660 634 1720 Caesar
659 1668 778 1722 mortuo
806 1660 973 1721 Alexandro
1009 1661 1046 1722 ah
1079 1665 1258 1724 exercitum

198 1751 322 1811 ellectus
346 1757 393 1810 est
415 1751 494 1829 imp.‚
513 1768 548 1810 ex
572 1750 683 1809 infimis
705 1748 880 1828 parentibus
907 1751 939 1810 in
962 1750 1088 1812 Thracia
1116 1759 1215 1834 natus,

198 1857 214 1898 a
237 1846 322 1917 patre
346 1837 443 1900 Gotho
466 1840 585 1899 nomine
608 1837 715 1919 Micca,
738 1846 833 1899 matre
856 1837 980 1921 Halano,
1008 1859 1084 1920 quae
1113 1838 1215 1901 hhaha

198 1927 361 1989 dicebatur.
408 1927 436 1987 ls
459 1929 590 1988 triennio
613 1945 755 2006 regnans,
778 1927 849 1989 dum
872 1930 905 1988 in
924 1928 1108 1990 Christianos
1131 1947 1214 1990 arma

198 2022 413 2095 commoneret,
441 2017 600 2095 imperium
624 2016 712 2076 simul
736 2025 766 2076 et
795 2019 888 2078 uitam
916 2019 1022 2079 amisit.
1068 2036 1136 2078 nam
1162 2017 1214 2080 hic

199 2104 311 2167 Seuero
335 2107 404 2183 imp.
424 2112 567 2183 regnante
587 2113 617 2164 et
635 2104 740 2165 natalis
763 2104 842 2167 diem
862 2106 915 2167 lilii
938 2106 1121 2187 celebrante,
1143 2116 1215 2186 post
1230 2125 1259 2165 15

197 2197 293 2273 prima
325 2201 420 2253 aetate
453 2200 483 2254 et
514 2195 665 2254 rusticana
697 2197 759 2256 uita
796 2196 832 2256 dc
864 2198 983 2274 pascuis
1015 2198 1046 2256 in
1077 2194 1213 2256 militiam
1291 2247 1292 2250 ,

197 2285 289 2344 uenit.
335 2283 475 2362 princeps
499 2284 524 2342 si
549 2283 668 2362 quidem
692 2283 835 2345 militares
859 2284 981 2345 dederat
1004 2283 1103 2364 ludos;
1131 2285 1212 2363 quod
1291 2279 1292 2282 ’

198 2388 324 2432 cernens
343 2369 530 2452 Maximinus,
548 2374 685 2451 quamuis
705 2372 923 2435 semibarbarus
947 2372 1124 2453 aduliscens,
1143 2391 1213 2452 pro·

198 2461 303 2539 positis
325 2461 466 2538 praemiis
489 2463 585 2539 patria
608 2461 707 2541 lingna
730 2465 806 2542 petit
828 2460 865 2522 ah
884 2464 1077 2541 imperatore,
1095 2470 1129 2522 ut
1153 2461 1213 2523 sihi

197 2548 330 2609 luctandi
353 2566 422 2609 cum
445 2551 576 2628 expertis
598 2550 743 2613 militibus
765 2551 915 2611 licentiam
939 2551 1033 2611 daret.
1069 2550 1213 2632 Seuerus,
1228 2569 1260 2612 so

181 2629 368 2698 ¹ammodum
395 2639 519 2698 miratus
547 2641 779 2720 magnitudinem
807 2639 919 2699 lormac
947 2634 1027 2721 (erat
1055 2641 1148 2716 enim,
1176 2649 1213 2699 ut

198 2726 303 2806 lertur,
326 2733 439 2787 statura
462 2729 529 2788 cius
551 2746 676 2807 procera
703 2728 781 2790 ultra
805 2735 872 2787 octo
894 2720 1002 2809 pedes)
1029 2728 1116 2786 iussit
1140 2743 1211 2786 eum

197 2815 265 2875 lixis
293 2817 428 2894 corporis
455 2833 534 2878 nexu
563 2817 756 2895 contendere,
789 2834 826 2875 ne
854 2815 925 2893 qnid
953 2833 969 2874 a
998 2813 1065 2874 rudi
1088 2813 1212 2876 homine

197 2902 376 2964 militaribus
395 2906 471 2965 uiris
490 2908 626 2966 eueniret
643 2907 777 2965 iniuriae.
799 2910 863 2963 tum
877 2902 1054 2964 Maximinus
1078 2903 1211 2965 sedecim

196 2991 271 3053 lixas
294 3000 375 3054 tanta
400 2993 540 3056 felicitate
562 2994 739 3072 prostrauit,
762 2999 796 3053 ut
814 2992 962 3052 uincendo
987 2992 1120 3073 singulos
1144 2993 1211 3053 nul·
1227 3010 1258 3051 as

196 3081 254 3142 lam
274 3081 332 3143 sihi
349 3085 485 3162 requiem
503 3081 749 3159 intercapidinem
766 3082 911 3159 temporis
930 3082 1022 3143 daret.
1046 3082 1095 3144 hic
1114 3084 1212 3161 captis

196 3172 336 3251 praemiis
359 3173 461 3232 iussus
487 3173 518 3230 in
546 3167 680 3230 militiam
709 3171 800 3251 mitti,
826 3172 982 3251 primaque
1011 3174 1038 3232 ci
1062 3170 1211 3252 stipendia

197 3261 346 3338 equestria
369 3259 461 3321 luere.
504 3257 605 3319 Tertia
623 3266 692 3338 post
714 3259 787 3321 haec
802 3258 860 3340 die,
874 3279 941 3321 cum
961 3262 1123 3340 imperator
1141 3278 1211 3340 pro-

196 3345 274 3408 diret
300 3349 331 3408 in
355 3366 505 3428 campum,
532 3348 609 3409 uidit
637 3367 706 3410 enm
735 3349 915 3416 exultantem
942 3367 1025 3410 more
1053 3348 1212 3410 barbarico

196 3437 342 3516 iussitque
356 3435 486 3517 trihnno,
504 3444 539 3502 ul
557 3455 625 3498 cum
640 3437 824 3500 cohercitum
839 3437 875 3498 ad
890 3437 1051 3499 Romanam
1069 3438 1212 3501 inhueret
1227 3462 1256 3502 so

196 3521 390 3602 disciplinam.
435 3524 485 3586 illc
508 3542 591 3609 uero,
614 3526 667 3588 uhi
690 3527 727 3588 de
755 3545 787 3587 se
810 3525 955 3588 intellexit
977 3529 1144 3608 principem
1167 3528 1210 3589 lo·

211 3612 257 3690 ni,
271 3612 398 3671 accessit
416 3613 451 3673 ad
472 3632 541 3675 cnm
559 3617 801 3695 equitantemque
820 3617 937 3695 praeire
955 3615 1082 3696 pedihus
1101 3620 1212 3697 coepit.
