2670 4058
175 217 239 282 156
512 213 664 270 VALERIl
682 212 859 269 ANTIATIS

266 359 323 428 18.
351 367 472 427 Censor
487 351 568 426 ded
583 371 644 425 aot.
660 363 712 444 17,
726 363 747 424 8
772 361 846 424 Nam
865 365 906 425 ita
925 365 1095 425 institutum
1115 381 1191 445 csse,

173 462 209 515 ut
223 455 386 516 centesimo
401 471 520 534 quoque
535 470 612 513 anno
629 411 736 514 derebt
751 450 831 528 [ludi
848 451 1053 533 saeculares],
1071 452 1102 512 id
1121 471 1192 515 cum

112 544 278 636 464Antias
302 542 411 622 aliique
435 542 573 604 historici
595 549 733 604 auctores
756 550 826 602 sunt
850 549 913 602 tum
937 536 1038 602 Varro.

111 658 165 726 {ab
266 633 324 703 19.
348 640 416 701 Lito.
431 641 528 716 1115,
542 640 583 699 12
605 638 727 718 Magnae
752 637 850 699 clades
873 637 951 700 ultro
974 641 1108 719 citroque
1131 637 1192 704 illis

175 728 281 790 diebus
309 727 393 806 [cum
420 747 490 790 com
512 731 626 805 Aequis
650 746 796 831 pognqre
797 726 862 806 tur]
892 735 922 788 et
949 727 1057 789 inlatae
1086 736 1116 789 ct
1144 746 1191 789 ac·
1205 747 1220 788 s
1317 745 1318 752 ¹

174 825 286 898 ceptae.
333 815 453 878 difficile
486 817 521 879 ad
552 817 640 879 iidem
669 823 715 877 est
741 818 773 876 in
802 824 862 878 tam
890 816 1011 895 antiqua
1038 835 1085 894 re,
1119 825 1192 896 quot

173 909 375 987 pugnauerint
397 905 609 987 ceciderintue,
632 913 735 966 exacto
759 903 915 966 adfirmare
938 923 1071 966 numero.
1102 905 1192 983 audet

174 1003 274 1056 tamen
297 997 399 1056 Antias
422 994 556 1056 Valerius
580 995 737 1073 concipere
766 1011 910 1055 summas:
938 993 1086 1055 Romanos
1114 995 1190 1055 ceci·

174 1083 254 1145 disse
277 1085 308 1144 in
327 1083 458 1145 Hernico
477 1101 547 1163 agro
568 1085 700 1163 quinque
723 1081 803 1143 milia
827 1085 1028 1164 octingentoS,
1052 1101 1087 1145 ex
1106 1101 1190 1162 prae-

175 1171 329 1234 datoribus
352 1174 537 1254 Aequorum,
560 1174 613 1252 qui
635 1171 839 1251 populabundi
862 1174 893 1232 in
917 1172 1027 1235 linibus
1050 1171 1190 1232 Romanis
1205 1191 1235 1232 ιο

174 1261 368 1342 uagabantur,
391 1260 427 1322 ah
446 1261 478 1324 A.
498 1260 651 1322 Postumio
675 1259 797 1322 consule
820 1260 879 1322 duo
901 1260 982 1321 milia
1001 1268 1031 1321 et
1051 1260 1191 1340 quadrin-

109 1357 112 1364 ’
175 1358 280 1430 gentos
294 1368 406 1412 caesos.
420 1358 551 1411 ceteram
566 1349 787 1411 multitudinem
801 1350 941 1428 praedam
955 1357 1099 1430 agentem,
1114 1366 1190 1428 quac

173 1438 315 1502 inciderit
346 1441 377 1499 iu
405 1437 591 1514 Quinctium,
618 1456 806 1518 nequaquam
834 1441 900 1519 pari
927 1437 1096 1498 defunctam
1123 1455 1190 1499 esse

174 1528 277 1609 caede,
304 1526 462 1590 interiecta
489 1527 559 1589 inde
583 1535 725 1607 quattuor
746 1527 827 1588 milia
850 1534 881 1588 et
908 1526 1096 1605 exsequendo
1121 1525 1190 1588 sub-

110 1616 266 1708 434tilitcr
290 1635 448 1678 numemm
471 1616 617 1678 ducentos
640 1619 681 1678 ait
704 1624 734 1678 et
756 1618 886 1696 triginta.
1205 1637 1234 1677 15

110 1730 165 1798 ᾗῇ)
264 1708 324 1776 20.
348 1714 416 1775 Liu.
436 1713 575 1790 111123,
594 1715 616 1774 2
638 1713 773 1776 Valerius
791 1713 893 1773 Antias
912 1720 943 1774 et
961 1711 994 1782 Q.
1013 1710 1133 1773 Tubero
1151 1712 1190 1776 M.

174 1800 316 1865 blanlium
340 1810 370 1864 et
393 1801 426 1872 Q.
451 1801 616 1883 Sulpicium
640 1803 778 1864 eonsules
807 1804 838 1863 in
863 1819 932 1862 eum
955 1819 1065 1862 annum
1089 1801 1190 1863 edunt.

111 1863 165 1942 Q
265 1894 324 1962 21.
351 1901 423 1961 Geli.
439 1900 527 1961 1118
550 1899 624 1962 Cum
643 1902 755 1981 Pyrrus
777 1918 831 1960 rex
854 1901 885 1960 in
908 1908 989 1961 terra
1007 1898 1089 1961 ltalia
1111 1909 1190 1961 esset

112 1953 207 2051 4⁷6et
229 2007 319 2050 unam
342 1996 431 2068 atque
456 1989 578 2052 alteram
600 2007 716 2070 pugnas
738 2006 882 2068 prospere
906 1996 1080 2070 pugnasset,
1105 1991 1189 2049 satis·

174 2096 231 2158 quc
256 2085 379 2157 agerent
401 2075 539 2161 Romani,
567 2087 597 2140 et
624 2078 766 2158 pleraque
789 2076 872 2137 ltalia
900 2077 936 2138 ad
966 2096 1067 2158 regem
1096 2077 1188 2138 desci-
1204 2098 1233 2139 so

174 2169 283 2229 uisset:
301 2173 366 2227 tum
382 2166 604 2229 Ambraciensis
623 2167 768 2246 quispiam
787 2165 987 2250 Timochares,
1007 2169 1086 2246 regis
1104 2165 1189 2245 Pyrri

174 2256 302 2335 amicus,
330 2254 365 2315 ad
390 2255 421 2317 C.
444 2255 614 2318 Fabricium
639 2254 792 2316 consulem
815 2255 918 2317 iurtim
942 2258 1026 2317 uenit
1048 2273 1081 2316 ac
1104 2271 1188 2334 prae·

173 2344 266 2403 mium
288 2345 396 2423 petiuit
420 2353 458 2426 et,
477 2348 503 2406 si
522 2344 558 2405 de
577 2345 709 2424 praemio
729 2347 913 2426 conueniret,
932 2345 1069 2426 promisit
1086 2360 1188 2420 regem

174 2434 299 2493 uenenis
318 2451 439 2515 necare;
457 2433 547 2512 idque
566 2432 651 2494 facile
671 2451 736 2495 esse
755 2433 836 2496 iactu
855 2434 938 2514 dixit,
953 2433 1091 2512 quoniam
1110 2430 1188 2493 lilius

174 2537 248 2581 suus
271 2522 377 2600 pocula
399 2525 432 2584 in
455 2522 596 2582 conuiuio
615 2524 680 2600 regi
698 2524 889 2584 ministraret.
912 2521 984 2582 Eam
1003 2538 1068 2582 rem
1086 2518 1188 2581 Fabri·
1202 2540 1230 2580 aa

174 2609 298 2670 eiusad
323 2619 459 2672 senatum
483 2611 612 2688 scripsit.
643 2619 764 2672 senatus
788 2610 824 2672 ad
848 2627 948 2690 regem
971 2607 1084 2687 legatos
1107 2610 1189 2670 misit
1317 2607 1318 2700 l

173 2695 397 2779 mandauitque,
418 2705 452 2758 ut
475 2698 512 2758 de
533 2697 708 2761 Timochare
732 2699 806 2762 nihil
828 2698 991 2777 proderent
1013 2696 1065 2757 sed
1089 2714 1187 2757 mone·

173 2795 254 2867 rent,
282 2789 327 2847 uti
357 2804 409 2846 rex
433 2788 682 2867 circumspectius
706 2794 806 2869 ageret
833 2795 922 2864 atque
945 2804 962 2844 a
983 2787 1189 2863 proximorum

173 2875 291 2935 insidiis
315 2873 441 2934 salutem
463 2883 621 2939 tutaretur
654 2875 717 2936 Hoc
740 2879 789 2955 ita,
813 2877 858 2935 uti
881 2872 1019 2955 diximus,
1042 2877 1073 2935 in
1091 2873 1189 2936 Valeri

110 2964 300 3062 2,9Antiatis
323 2961 448 3023 historia
472 2967 618 3045 scriptum
642 2973 695 3026 est.
720 2959 773 3046 (cs.
802 2965 906 3024 Claud.
927 2963 970 3038 fr.
985 2958 1057 3049 40.)
1201 2985 1229 3025 eu
1315 2959 1318 3046 l

110 3085 163 3152 5—05
263 3045 322 3112 22.
351 3053 505 3114 Censorio
520 3057 600 3114 ded
615 3073 643 3114 n
658 3053 710 3126 17,
724 3053 768 3110 10
790 3051 886 3112 Tertii
904 3052 968 3113 ludi
983 3052 1186 3132 [saeculares]
1315 3063 1318 3132 t

172 3140 295 3201 luerunt
313 3141 430 3201 Antiate
449 3131 596 3220 Liuioque
619 3138 792 3200 auctoribus
811 3139 843 3202 P.
862 3139 984 3203 Claudio
1003 3141 1131 3204 Pulchro
1155 3140 1187 3203 L.

109 3224 257 3327 ²12lunio
280 3227 365 3290 Pullo
389 3248 469 3294 cons.

107 3346 162 3416 ὦ
262 3310 322 3378 23.
345 3318 413 3380 Liu.
436 3317 534 3379 XXV
553 3315 605 3392 39,
624 3316 663 3378 11
692 3316 735 3378 lta
759 3327 846 3381 nocte
870 3337 904 3380 ac
927 3318 975 3379 die
998 3255 1067 3380 bina
1091 3327 1187 3380 castra

171 3402 303 3467 hostium
318 3415 484 3486 expugnata
499 3405 591 3466 ductu
605 3404 638 3467 L
653 3405 757 3468 Marcii
772 3407 817 3485 [ire
832 3409 982 3485 Hospooo'a
996 3414 1066 3486 post
1083 3425 1187 3470 necem
1201 3430 1229 3470 aa

172 3493 371 3573 Scigrionum}
391 3527 433 3538 -·
451 3493 586 3555 Valerius
609 3495 712 3556 Antias
740 3515 799 3559 una
826 3505 922 3560 castra
946 3496 1078 3576 Magonis
1102 3504 1187 3576 capta

171 3582 270 3664 tradit,
285 3591 398 3662 septem
417 3581 508 3644 millia
528 3601 613 3644 caesa
630 3584 771 3667 hostium,
786 3584 878 3648 altero
896 3585 1011 3666 proelio
1030 3587 1187 3666 eruptione

1314 3723 1318 3804 l
