2640 4052
467 242 727 300 FRAGMENTVM
745 239 786 301 δ’).
1092 243 1132 308 17

122 390 242 474 μεγέθει
263 391 315 454 καί
336 390 401 480 λδέςι
422 387 478 474 τὴν
500 388 605 472 φῦσιν·
628 387 787 472 αὐξόμενοι
809 390 843 455 δὲ
864 395 1036 474 θυμοειδεῖς
1057 383 1136 475 ἦσαν

118 485 283 572 ἀμφότεροι
304 489 355 552 καλ
376 485 540 569 ἀνδρώδεις
561 489 613 552 καλ
630 486 807 572 φρονήματα
824 487 898 571 πρός
915 487 950 553 τά
969 488 1137 571 φαινόμενα

120 583 205 650 δεινά
221 587 274 650 καί
290 584 401 670 τόλμαν
422 584 498 662 ὅλως
520 584 721 668 ἀνέκπληκτον
742 588 869 670 ἔχοντες·
896 584 913 652 ὃ
937 588 970 652 δὲ
987 585 1136 670 Ῥωμόλος

118 679 229 769 γνάμη
239 709 269 749 τε
282 690 411 768 χρῆσθαι
428 690 540 766 μᾶλλον
558 682 661 748 ἐδόκει·
671 685 722 748 καὶ
740 683 895 768 πολιτικὴν
911 687 988 768 ἔχειν
1006 684 1136 767 σῦυεσιν,

119 783 154 846 ἐν
170 791 237 859 ταῖς
247 783 314 864 περί
331 780 427 865 νομδις
443 785 493 846 καὶ
510 786 654 866 κυνηγίας
676 780 751 866 πρὸς
772 781 842 860 τοῦς
863 790 1051 867 γειτνιῶντας
1073 787 1162 850 ἐπι-5

120 883 230 961 μιξίαις
241 877 355 962 πολλὴν
368 881 477 946 ἑαυτοῦ
489 880 625 965 παρέχων
638 879 818 964 κατανόησιν
831 878 1011 965 ἡγεμονικοῦ
1025 890 1137 966 μᾶλλον

118 973 356 1062 ἢπειθαργικοῦ
379 976 469 1060 φάσει
489 977 653 1063 γεγονότος.
694 977 742 1042 διὸ
764 987 825 1054 τοῖς
847 978 902 1060 μέν
929 977 1136 1064 δμοφάλοιςῆ

119 1076 335 1159 ταπεινοτέροις
359 1082 534 1158 προσφιλεῖς
559 1068 651 1157 ἦσαν,
679 1073 833 1152 ἐπιστάτας
865 1075 899 1140 δὲ
929 1078 981 1140 καλ
1011 1075 1137 1155 διόπους

120 1170 293 1258 βασιλικοδς
318 1173 369 1236 καὶ
396 1170 572 1258 ἀγελάρχας,
600 1170 640 1251 ὧς
667 1174 762 1256 μηδέν
792 1171 892 1238 αῦτοῦν
919 1171 1006 1261 ἀρετῇ
1034 1177 1138 1257 διαφέ-

120 1297 241 1356 ροντας,
269 1268 528 1355 ὑπερφρονοῦντες
555 1269 618 1336 οὔτ’
647 1269 769 1355 ἀπειλῆς
795 1269 969 1356 ἐφρόντιζον
983 1271 1064 1342 ,οῦτε
1086 1271 1137 1356 όρ-
1152 1299 1178 1338 ιο

119 1376 184 1456 γῆς.
222 1370 348 1454 ἐχρῶντο
366 1369 399 1434 δέ
418 1373 543 1447 διαίταις
560 1369 611 1434 καλ
629 1372 793 1453 διατριβαῖς
814 1367 1009 1454 ἐλευθερίοις,
1027 1369 1065 1437 οῦ
1081 1369 1138 1455 τὴν

120 1465 231 1551 σχολὴν
260 1469 431 1553 ἐλευθέριον
459 1465 621 1552 ἡγοόμενοι
646 1469 698 1532 καλ
719 1466 774 1552 τὴν
801 1466 946 1550 ἀπονίαν,
969 1468 1043 1534 ἀλλὰ
1064 1496 1137 1555 γυμ-

121 1565 211 1630 νάσια
231 1567 283 1630 καὶ
304 1565 403 1650 θήρας
424 1568 475 1631 καὶ
494 1564 624 1650 δρόμους
641 1563 742 1631 καὶτὸ
764 1565 871 1652 ληστδις
888 1565 1064 1650 ἀμόνασθαι
1085 1569 1136 1632 καὶ

120 1671 240 1742 κλῶπας
263 1666 339 1730 §mv
359 1666 411 1730 καλ
433 1668 501 1748 βίας
524 1664 673 1740 ἐξελέσθαι
695 1660 765 1741 τοῦς
793 1663 1019 1749 ἀδικουμένους.
1058 1658 1138 1748 ἦσαν

121 1761 154 1826 δέ
173 1760 223 1828 διά
241 1768 332 1828 ταῦτα
348 1760 527 1846 περιβόητοι.
564 1758 616 1846 (7)
635 1762 803 1846 Γενομένης
821 1763 855 1827 δέ
875 1789 955 1840 τινος
972 1761 1048 1848 πρὸς
1069 1762 1138 1841 τοὺς
1152 1788 1177 1829 15

119 1857 299 1943 Νομήτορος
324 1857 491 1945 βουκόλους
516 1868 577 1937 τοῖς
599 1859 759 1944 ’Λμουλίου
787 1864 938 1944 διαφορᾶς
959 1863 1010 1925 καὶ
1031 1865 1138 1945 βοσκη-

122 1955 223 2041 μάτων
241 1956 367 2035 ἐλάσεως
385 1955 441 2023 οῦκ
459 1955 656 2042 ἀνασχόμενοι
673 1955 872 2044 συγκόπτουσι
890 1957 945 2040 μὲν
962 1955 1072 2036 αῦτοάς
1088 1960 1139 2024 καὶ

119 2057 288 2140 τρέπονται,
307 2054 521 2138 ἀποτέμνονται
539 2056 572 2121 δὲ
590 2062 643 2139 τῆς
656 2059 735 2132 λείας
750 2053 871 2139 συχνήν.
903 2053 1140 2140 ἀγανακτοῦντος

121 2153 155 2217 δὲ
177 2160 230 2220 τοῦ
247 2151 427 2237 Νομήτορος
445 2150 629 2238 ἀλιγάρουν·
657 2160 789 2238 συνῆγον
808 2153 841 2218 δὲ
860 2155 912 2218 καὶ
928 2154 1139 2238 προσεδέχοντο

119 2250 251 2330 πολλοῦς
277 2251 332 2335 μέν
359 2249 509 2335 ἀπόρους,
531 2250 660 2328 πολλοῦς
682 2251 715 2316 δὲ
743 2251 885 2334 δούλους,
906 2249 1043 2336 θράσους
1064 2249 1138 2317 ἀπο·
1152 2279 1179 2318 εο

121 2356 258 2415 στατικοῦ
274 2351 326 2414 καλ
342 2346 535 2434 φρονήματος
552 2347 643 2434 ἀργὰς
660 2348 835 2427 ἐνδιδόντες.
871 2357 924 2417 τοῦ
943 2347 1138 2433 δὲῬωμῦλου

121 2446 197 2530 πρός
209 2475 276 2514 τινα
292 2451 407 2514 θυσίαν
424 2445 670 2532 ἀποτραπομένου
692 2445 757 2533 (καὶ
773 2447 831 2534 γὰρ
843 2441 885 2532 ἦν
902 2445 1071 2532 φιλοθότης
1088 2450 1139 2514 καλ

121 2545 275 2633 μαντικός)
299 2550 331 2612 οἱ
350 2551 403 2612 τοῦ
424 2543 603 2630 Νομητορος
625 2550 747 2630 βοτῆρες
768 2553 809 2634 τῷ
823 2543 925 2633 Ῥώμῳ
944 2544 1005 2629 μετ’
1031 2544 1139 2632 ὀλίγων

120 2647 272 2727 βαδίζοντι
289 2642 502 2729 προσυνχόντες
521 2640 672 2727 ἐμάχοντο.
704 2645 755 2708 καλ
772 2643 941 2728 γενομένων
953 2650 1075 2728 πληγῶν
1088 2645 1139 2710 καί

120 2740 297 2825 τραυμάτων
318 2743 353 2808 ἐν
375 2740 554 2824 ἀμφοτέροις
576 2740 740 2826 ἐκρότησαν
762 2745 795 2805 οἱ
807 2747 867 2806 Ιτοῦ
889 2739 1067 2826 Νομητορος
1088 2743 1138 2806 καί
1153 2766 1179 2807 τε

121 2835 289 2923 συνέλαβον
311 2843 405 2916 ζῶντα
426 2837 480 2905 τὸν
496 2835 620 2923 Ῥοῦμον.
663 2836 848 2921 ἀναχθέντος
870 2829 926 2903 οῦν
949 2834 1043 2903 αάτοῦ
1064 2836 1140 2922 πρὸς

121 2935 175 3003 τὸν
196 2933 360 3020 Νομητορα
381 2939 433 3002 καλ
455 2937 710 3022 κατηγορηθέντος
737 2932 826 3011 αῦτδς
853 2934 906 3017 μέν
934 2932 990 3000 οῦκ
1020 2934 1140 3002 ἐκόλασε

122 3033 251 3120 χαλεπόν
274 3034 346 3101 όντα
368 3033 476 3112 δεδιάς
501 3034 555 3102 τόν
581 3032 728 3117 ἀδελφὸν,
752 3030 851 3098 ἐλθδιυ
874 3033 907 3097 δέ
928 3030 1003 3117 πρὸς
1025 3035 1140 3100 ἐκεῖνον

122 3135 215 3199 ἐδεῖτο
247 3143 346 3218 ταγεῖν
378 3138 464 3216 δίκης
494 3131 626 3216 ἀδελφός
657 3129 702 3198 ἀν
729 3133 780 3196 καὶ
808 3132 1048 3216 καθυβρισμένος
1079 3129 1139 3198 ῦπὸ

122 3234 244 3296 οἰκετῶν
266 3233 382 3324 ἐκείνου
404 3231 548 3315 βασιλέως
570 3230 663 3309 όντος.
700 3229 1004 3316 συναγανακτούντων
1024 3230 1058 3296 δέ
1079 3238 1139 3297 τῶν
1153 3255 1180 3296 ιο

122 3330 156 3395 ἐν
169 3328 266 3416 ’Ἀλβη
283 3330 335 3394 καλ
353 3327 437 3395 δεινά
455 3326 580 3413 πάσχειν
598 3330 743 3414 οἰομένων
760 3327 814 3395 τόν
830 3327 928 3410 ἀνδρα
945 3325 1016 3412 παρ’
1040 3325 1139 3410 ἀξίαν,

121 3428 260 3510 κινηθείς
277 3424 294 3494 δ
309 3425 465 3511 Ἀμοόλιος
482 3425 563 3516 αὐτῷ
581 3431 767 3512 παραδίδωσι
783 3433 824 3515 τῷ
837 3423 991 3510 Νομήτορι
1008 3423 1140 3491 τὸνῬοῦ-

122 3523 221 3608 μονῦ
248 3551 276 3590 τι
303 3524 441 3609 βοόλοιτο
469 3523 644 3610 χρήσασθαι.
689 3522 881 3610 Παραλαβάν
909 3524 941 3589 δὲ
966 3525 1078 3601 ἐκεῖνος
1100 3520 1141 3601 ὦς

121 3616 196 3707 ἧκεν
223 3627 338 3705 οἴκαδε,
364 3620 532 3707 θαυμάζων
560 3624 615 3707 μέν
642 3622 702 3690 ἀπὸ
729 3629 782 3690 τοῦ
810 3615 942 3705 σάματος
968 3620 1020 3715 τὸυ
1042 3624 1141 3686 νεανί-

176 3737 270 3792 hm,
283 3737 346 3780 mut.
359 3739 425 3782 Rom.
439 3737 522 3788 λετςυι.
962 3731 978 3779 2
