2620 4054
1289 90 1290 136 ι

185 228 250 302 273
294 227 478 284 urrann
501 225 633 292 unacco
657 226 826 283 resurr
852 225 1077 284 amona-2.
1289 193 1290 256 l

186 395 391 459 murenarum,
415 377 506 438 altera
530 375 682 456 luporum,
705 379 793 437 tertia
817 378 903 438 mixti
924 378 1029 458 piscis,
1051 377 1199 439 inclinatis

183 469 243 530 iam
257 466 372 530 scilicet
385 465 528 548 moribus,
542 474 576 526 ut
594 473 693 528 tamen
712 484 763 527 eos
782 466 934 545 praeferre
953 465 1093 528 Graeciae
1113 468 1198 528 etiam
1290 476 1291 489 ¹

185 555 370 636 philosophis
401 557 564 636 possim,
594 558 620 616 si
653 556 774 635 quidem
801 557 832 616 in
860 555 1029 618 Aristotelis
1057 555 1199 618 heredum

184 648 322 708 auctione
346 647 533 725 septuaginta
557 646 672 724 patinas
696 647 816 708 uenisse
840 645 977 706 traditur.

274 730 331 798 28.
358 734 480 798 Ter-tull.
495 738 566 796 adu.
589 735 651 796 Vol.
661 734 706 794 34
720 733 895 796 Pudiciores
909 735 959 796 alii
974 767 1016 778 -
1030 734 1225 798 malueruuta
1290 755 1291 784 ι

184 823 298 885 nullum
317 823 412 904 Bytho
432 842 537 885 sexum
556 823 709 904 deputare,
728 831 759 884 et
777 823 904 886 fortasse
924 820 996 886 ‘hoc
1016 819 1121 886 deum'
1141 841 1199 886 nou

185 907 249 974 ‘hio
268 908 359 990 deus'
378 920 486 976 neutro
510 931 619 992 genere
639 915 843 992 pronuntiant.
866 912 917 974 alii
935 920 1038 976 contra
1056 915 1151 992 magis
1170 922 1200 974 et

183 1002 348 1072 masculum
380 1010 412 1065 et
441 1004 581 1064 feminam
612 1001 729 1081 dicuat,
763 1021 800 1062 ne
829 1003 908 1082 apud
935 1003 1015 1064 solos
1046 1003 1199 1065 Lunenses

182 1089 466 1172 Hermaphroditum
480 1093 631 1153 existimet
640 1089 789 1154 annalium
801 1100 1016 1155 commentator
1024 1091 1199 1155 Fenestella.

272 1176 357 1242 29²⁸.
382 1183 480 1243 Prisc,
502 1181 584 1242 VIII
602 1199 634 1258 p.
653 1180 721 1240 386
743 1182 780 1242 H.
813 1181 992 1244 Fenestella:
1025 1181 1241 1245 Frustratus10

182 1267 274 1349 igitur
297 1289 313 1330 a
337 1288 399 1350 spe,
422 1270 560 1332 deuictus
582 1271 614 1330 in
638 1278 735 1331 castra
759 1287 791 1332 se
815 1273 937 1350 recepit.

430 1422 678 1479 EPITOMAEVM
696 1423 955 1480 FRAGMENTVM

131 1534 164 1584 ⁷⁶
273 1531 334 1598 30.
359 1538 455 1600 Diem
470 1555 501 1614 p.
516 1537 584 1598 365
604 1539 642 1598 ld.
664 1557 685 1596 ιι
702 1556 778 1616 quae
802 1537 979 1616 significatio
1003 1537 1081 1616 apud
1105 1535 1199 1600 Foue-

122 1624 297 1687 6⁷8stellam
320 1627 505 1686 inuenitur
497 1644 528 1686 ro
551 1625 628 1686 libro
652 1629 849 1705 epitomarum
873 1627 1019 1688 seeundo:
1043 1626 1138 1697 Quem
1161 1627 1199 1690 ad

182 1715 302 1778 modum
326 1714 433 1776 Caesar
457 1733 472 1775 a
496 1717 600 1794 piratis
624 1723 729 1796 captus
754 1717 793 1776 sit
817 1723 909 1796 utque
933 1733 988 1776 eos
1008 1717 1073 1794 ipse
1096 1723 1200 1795 postea

181 1805 295 1882 coperit
319 1812 349 1865 et
372 1803 574 1867 decollauerit.
1217 1820 1243 1859 1⁵

401 2013 453 2098 M.
487 2013 713 2101 VERRIVS
745 2012 978 2101 ruaudus

488 2161 717 2218 TESTIMONIA
736 2162 785 2219 DE
805 2163 893 2219 VITA

147 2268 180 2336 1.
203 2276 328 2338 Hieron.
352 2278 396 2338 ad
417 2294 445 2337 o.
464 2274 555 2335 2024
573 2277 646 2337 Adr.
671 2269 707 2359 (8
722 2296 753 2355 p.
780 2273 865 2359 Olor.)
885 2297 917 2356 p.
931 2277 999 2338 147
1017 2279 1087 2338 Seu.
1106 2310 1143 2320 -
1161 2276 1200 2338 M.
1232 2311 1238 2320 ·

181 2363 303 2424 Verrius
326 2363 451 2426 Flaccus
474 2367 684 2442 grammaticus
708 2368 841 2447 insignes
863 2366 1019 2427 habentur.

146 2448 180 2514 2.
205 2454 287 2515 Suet.
302 2456 340 2516 de
351 2470 480 2530 promm.
494 2454 538 2512 17
553 2453 595 2514 M.
620 2453 741 2517 Verrius
756 2456 880 2518 Flaccus
898 2454 1057 2515 libertinus
1072 2453 1201 2515 docendi
1253 2503 1261 2516 .

180 2559 290 2621 genere
318 2543 443 2604 maxime
471 2541 618 2604 inclaruit.
643 2577 685 2588 -
710 2564 767 2626 qua
794 2563 828 2606 re
856 2543 893 2604 ah
915 2543 1049 2621 Augusto
1079 2561 1199 2622 quoque

180 2631 341 2710 nepotibus
364 2632 428 2691 eius
451 2640 629 2711 praeceptor
648 2633 761 2698 electus
780 2634 898 2696 transiit
915 2634 946 2692 in
965 2631 1110 2692 Palatium
1128 2649 1200 2691 cum
1216 2663 1247 2705 20

181 2728 242 2781 tota
265 2717 374 2782 schola.
390 2751 432 2762 -
447 2719 577 2784 decessit
600 2726 705 2784 aetatis
729 2729 848 2783 exactae
873 2719 929 2781 sub
953 2719 1082 2780 Tiberio.

368 2872 617 2932 ETRVSOARVM
635 2874 765 2931 RERVM
783 2869 1013 2928 FRAGMENTA

272 2978 304 3046 l.
332 2986 431 3047 Schol.
462 2987 569 3050 Veron.
592 2990 636 3049 od
669 2987 756 3062 Vero.
780 2986 854 3046 Aen.
877 2984 913 3044 X
932 2984 995 3045 183
1014 3002 1046 3062 p.
1069 2983 1135 3044 103
1159 2986 1199 3045 K.

181 3072 304 3135 Flaccus
336 3076 433 3153 primo
460 3075 668 3138 Etruscarum:
700 3073 814 3155 Agylla,
847 3075 957 3154 inquit,
991 3072 1027 3135 ab
1060 3071 1201 3134 Etruscis

179 3160 403 3240 {conditoribus
424 3163 558 3241 seili]oet
581 3165 732 3224 nominata
755 3172 802 3224 est
824 3162 917 3246 Cisra,
941 3162 1020 3243 quod
1044 3170 1124 3224 esset
1147 3161 1200 3223 'Fi-

179 3252 261 3313 heris
275 3251 411 3315 Etruscis
425 3255 540 3332 primus
554 3253 634 3330 agris
648 3251 810 3315 subiectus.
835 3271 952 3314 omnem
968 3252 1047 3314 enim
1061 3269 1100 3332 po
1109 3299 1200 3314 .......
1217 3282 1247 3322 25

181 3335 261 3422 (lexa
283 3337 395 3425 Ar)dea
419 3340 561 3419 oppidum
584 3349 630 3410 est
653 3341 745 3403 Caere
768 3343 942 3404 uocitatum.

270 3426 303 3495 2.
332 3433 430 3492 Soleol.
462 3430 568 3492 Veron.
593 3433 637 3494 ad
666 3431 752 3507 Vero.
776 3433 851 3494 Aen.
869 3433 906 3492 X
925 3431 995 3492 200
1019 3430 1199 3508 p.1031(.

175 3517 342 3598 [FloceJus
370 3517 565 3581 Etruscarum
588 3519 613 3582 l:
645 3519 680 3582 ln
707 3520 930 3602 Appenninum,
963 3521 1074 3601 inquit,
1102 3527 1201 3582 traus-

173 3626 302 3688 pressus
324 3605 444 3669 Archon
467 3607 616 3672 Mantuam
641 3609 783 3672 condidit.
