2620 4054
187 205 253 271 292
324 287 327 294 ¹
478 285 482 292 .
532 205 674 261 ANNAEI
693 204 857 261 SENECAE

457 409 699 499 ANNAEVS
733 409 936 498 SENECA

249 561 354 631 (patet,
380 558 691 695 Cordubensis,fnetus
717 575 743 615 a.
768 559 827 710 iege
854 565 897 616 54.
922 565 986 628 too,
1014 562 1142 616 mortuus

598 657 644 697 ere
669 645 711 695 39.
736 645 795 696 792.

390 763 647 822 TESTIMONIVM
665 763 714 818 DE
732 764 815 820 EIVS
834 763 1009 824 HISTORIA

157 874 189 943 l.
212 879 264 940 Ex
287 879 392 942 Senee.
412 881 520 957 philos.
543 881 621 942 libro
641 881 679 944 de
697 871 1142 962 unapatris(sr.9811am.)
1165 897 1206 942 ea

189 969 312 1033 membr.
331 969 401 1030 bibl.
428 968 492 1030 Vnt.
511 986 531 1030 a
550 969 718 1031 Niebnbrto
739 971 809 1032 edit.
828 970 914 1032 Bene.
933 969 1020 1031 1820
1039 988 1070 1047 p.
1084 969 1150 1030 103
1161 988 1204 1046 sq.

190 1056 224 1118 Si
247 1074 443 1136 quaeeunque
466 1058 634 1137 compesuit
656 1065 741 1136 pater
767 1075 853 1120 meus
881 1065 912 1119 et
938 1057 988 1120 edi
1014 1057 1123 1140 uoluit,
1146 1060 1206 1120 iam

189 1148 221 1208 in
241 1163 345 1208 manus
363 1145 468 1226 populi
486 1147 660 1227 emisissem,
679 1147 716 1211 ad
735 1146 901 1214 ciuitatem
915 1149 1048 1222 nominis
1067 1149 1115 1208 sui
1134 1149 1206 1210 satis

190 1234 249 1300 sibi
271 1237 335 1314 ipse
358 1243 566 1318 prospexerat3
593 1253 661 1297 nam
681 1237 749 1304 ¹nisi
775 1253 824 1298 me
851 1236 964 1317 deripit
985 1239 1095 1318 pietas,
1119 1239 1236 1299 cuius⁶

190 1323 334 1388 honestus
358 1327 448 1386 etiam
471 1343 557 1386 emer
580 1335 635 1406 est,
657 1327 737 1387 inter
755 1343 807 1386 eos
825 1325 996 1408 haberetur,
1016 1328 1068 1406 qui
1084 1326 1205 1406 ingenio
1301 1367 1302 1374 κ

190 1420 375 1493 meruerunt,
390 1421 424 1474 ut
441 1415 526 1494 puris
543 1417 728 1492 scriptorum
746 1415 841 1477 titulis
860 1414 974 1476 nobiles
993 1422 1102 1478 esseut.
1124 1417 1206 1494 quis·

192 1503 259 1580 quis
273 1501 396 1581 legisset
410 1504 475 1564 eius
489 1503 629 1564 historias
644 1502 680 1564 ab
699 1505 784 1566 initio
803 1503 950 1565 bellorum
964 1504 1107 1584 ciuilium,
1125 1504 1207 1565 unde

191 1592 321 1668 primum
344 1593 456 1654 nerbas
480 1602 561 1653 retro
585 1591 671 1674 abiit,
697 1610 791 1671 paene
819 1611 915 1672 usque
942 1593 979 1654 ad
1006 1595 1112 1655 mortis
1134 1611 1207 1654 suae

192 1678 280 1760 diem,
303 1682 403 1760 magni
424 1683 595 1742 aestimaret
618 1683 708 1762 seire,
732 1679 841 1761 quibus
863 1689 951 1743 natus
975 1690 1054 1744 esset
1077 1685 1254 1760 parenti-10

192 1766 649 1849 mfflmmmm
664 1815 782 1833 ......

263 1957 519 2014 HISTORIARVM
542 1958 591 2014 AB
609 1958 726 2014 ΙΝΙΤΙΟ
749 1959 948 2016 BELEORVM
968 1957 1135 2014 CIVILIVM

584 2046 816 2104 FRAGMENTA

285 2153 341 2221 l*.
365 2160 452 2222 Laet.
477 2162 538 2220 dtu.
558 2163 624 2220 inst.
651 2160 715 2220 VII
729 2161 778 2236 15,
797 2162 839 2222 14
874 2161 940 2222 Non
962 2163 1069 2223 inscite
1094 2160 1207 2222 Seneca

192 2248 340 2310 Romanae
360 2248 444 2309 urbis
462 2255 596 2327 tempora
616 2248 769 2310 distribuit
787 2251 818 2311 in
836 2257 961 2311 aetates:
981 2251 1109 2329 primam
1127 2251 1208 2310 enim
1301 2299 1302 2302 ,

194 2335 268 2396 dixit
290 2338 445 2398 infantiam
468 2334 524 2396 sub
548 2353 618 2416 rege
641 2337 767 2399 Romulo
795 2339 900 2418 fuisse,
929 2358 945 2399 a
969 2357 1027 2418 quo
1055 2346 1085 2399 et
1107 2339 1209 2417 genita

193 2432 223 2486 et
246 2427 332 2504 quasi
355 2424 479 2488 edurata
503 2427 542 2487 sit
565 2424 666 2487 Roma.
697 2426 805 2488 deinde
828 2429 987 2506 pueritiam
1014 2426 1070 2488 sub
1098 2429 1209 2489 ceteris
1226 2440 1254 2482 ιε

192 2512 328 2595 regibus,
356 2532 372 2574 a
396 2511 505 2593 quibus
528 2522 558 2575 et
581 2523 667 2576 aucta
691 2516 730 2575 sit
758 2524 788 2576 et
815 2515 982 2595 disciplinis
1004 2515 1140 2595 pluribus
1163 2517 1209 2575 in-

194 2605 368 2682 stitutisque
391 2601 524 2663 formata.
557 2610 586 2663 at
609 2622 682 2664 uero
706 2603 868 2684 Tarquinio
891 2613 1035 2685 regnante
1058 2623 1126 2666 eum
1148 2605 1210 2665 iam

194 2694 280 2772 quasi
299 2689 399 2752 adulta
416 2708 483 2752 esse
502 2693 659 2772 coepisset,
674 2694 832 2754 seruitium
851 2712 910 2754 non
928 2694 1032 2755 tulisse
1052 2700 1082 2754 et
1096 2694 1209 2754 reiecto

195 2779 342 2859 superbae
365 2779 575 2843 dominationis
598 2783 667 2860 iugo
696 2781 835 2843 maluisse
863 2781 978 2862 legibus
1002 2781 1210 2861 obtemperare

195 2885 284 2949 quam
307 2868 438 2948 regibus.
462 2887 590 2948 cumque
614 2878 694 2931 esset
716 2870 915 2933 adolescentia
937 2873 1002 2933 eius
1025 2871 1084 2932 fine
1103 2869 1211 2932 Punici
1225 2885 1254 2924 20

194 2956 265 3018 belli
287 2960 457 3037 terminata,
481 2965 544 3017 tum
568 2955 696 3038 denique
720 2960 902 3020 confirmatis
929 2959 1047 3021 uiribus
1075 2961 1210 3038 coepisse

194 3049 399 3109 iuuenescere.
423 3044 538 3107 sublata
556 3047 635 3107 enim
654 3046 839 3128 Cartbagine,
859 3066 934 3128 quae
952 3049 1005 3109 diu
1023 3047 1137 3109 aemula
1155 3050 1210 3109 im·
1301 3084 1302 3104 2

194 3138 272 3214 perii
295 3137 359 3214 fuit,
382 3152 487 3196 manus
511 3152 580 3201 suas
602 3137 634 3196 in
652 3144 749 3198 tetum
767 3137 870 3198 orbe'm
889 3145 970 3198 terra
987 3139 1122 3216 marique
1142 3153 1211 3216 por-

194 3226 286 3307 rexit,
314 3224 408 3284 donec
436 3221 558 3302 regibus
586 3227 702 3288 cunetis
735 3233 765 3286 et
792 3225 962 3287 nationibus
990 3227 1116 3304 imperio
1140 3224 1210 3286 sub-

195 3315 303 3392 iugatis
327 3330 395 3372 cum
418 3313 477 3372 iam
500 3311 646 3373 bellorum
671 3315 793 3376 materia
820 3315 976 3392 deficeret,
1005 3314 1124 3376 uiribus
1147 3315 1211 3376 suis
1226 3325 1253 3366 2⁵

195 3399 271 3463 male
294 3407 444 3482 uteretur,
472 3399 581 3480 quibus
606 3420 638 3462 se
666 3405 730 3482 ipsa
753 3403 893 3464 eonfeeit.
930 3403 1003 3464 haee
1030 3404 1088 3463 fuit
1114 3405 1212 3483 prima

195 3492 260 3550 eius
284 3497 432 3570 senectus,
456 3508 524 3550 eum
547 3488 632 3550 bellis
656 3490 782 3552 lacerata
802 3490 941 3552 ciuilibus
960 3500 1048 3571 atque
1067 3493 1211 3552 intestino

195 3577 271 3639 maie
295 3595 398 3658 pressa
421 3596 527 3639 rursus
551 3579 587 3639 ad
615 3582 748 3658 regimen
776 3579 934 3658 singularis
962 3583 1081 3660 imperii
1103 3580 1213 3643 recidit
