2638 4056
6 201 20 224 '
152 233 373 291 rancun-a.
385 233 579 303 onmmvs
589 233 1155 306 c1cnnasrvmnmnnnsrahl1

224 375 487 434 FRAGMENTVM
503 377 709 436 EPISTVLAE
726 378 778 434 AD
796 379 854 437 GN.
871 381 1068 438 POMPEIVLI

227 485 262 552 5.
284 493 346 554 Cic.
355 510 418 571 pro
431 493 519 554 Sulla
533 492 586 569 24,
602 492 649 554 67
666 491 722 555 llic
737 501 771 555 tu
785 493 943 575 epistulam
956 513 1054 556 meam
1068 512 1157 576 saepe

135 582 254 662 recitas,
277 599 366 661 quam
389 598 444 661 ego
464 581 500 643 ad
519 580 571 643 Gn.
590 581 768 662 Pompeium
790 583 827 644 de
850 586 925 645 meis
948 583 1040 646 rebus
1063 587 1156 664 gestis

135 668 225 731 etde
249 687 364 731 summa
387 689 421 732 re
443 669 663 752 puhlica‘misi,
686 680 717 734 et
739 690 776 734 ex
795 691 830 734 ea
848 675 962 734 crimen
985 672 1104 755 aliquod
1123 676 1156 735 in

4 789 15 818 ·
134 756 166 820 P.
187 757 299 821 Sullam
318 761 438 840 quaeris
461 768 501 842 et,
524 763 551 822 si
568 760 702 822 furorem
720 761 927 825 incredibilem
944 761 1067 824 hiennio
1086 771 1155 825 ante

135 855 313 928 conceptum
343 850 479 929 erupisse
511 851 543 910 in
575 868 642 911 meo
674 849 831 913 consulatu
863 852 984 933 scripsi,
1017 870 1066 914 me
1096 851 1155 914 hoc
1168 862 1197 912 ⁵v

135 935 355 999 demonstrasse
383 938 472 1022 dicis,
501 937 614 1000 Sullam
641 941 674 1001 in
701 938 751 1001 illa
779 939 872 1002 fuisse
899 942 1055 1023 superiore
1086 959 1166 1004 con·.·
1204 973 1209 980 ·

135 1027 292 1088 iuratione.

384 1269 429 1376 Q.
462 1271 679 1360 TVLLIVS
712 1272 906 1360 CICERO

171 1422 265 1488 (natus
283 1437 309 1476 s
323 1421 381 1477 fere
397 1426 456 1478 toa.
471 1427 534 1490 662,
552 1423 667 1492 praetor
680 1428 723 1480 62.
739 1428 801 1490 692,
820 1421 929 1478 occiana
947 1439 972 1478 s
987 1429 1031 1479 46.
1047 1425 1121 1492 til.)

401 1525 630 1584 TESTIMONIA
648 1529 697 1583 DE
715 1527 890 1585 HISTORIA

100 1627 134 1694 l·
162 1643 224 1704 Cic.
239 1645 284 1705 ad
295 1644 355 1704 Aet.
371 1640 471 1718 1116,
486 1643 508 1702 6
525 1639 598 1720 [scr.
614 1660 642 1703 α.
657 1641 709 1703 66.
726 1639 805 1720 665]
829 1641 873 1704 lta
892 1641 1028 1722 deplorat
1043 1639 1093 1721 [Q.
1109 1642 1154 1720 [ν.

133 1727 293 1810 epotum]
323 1731 429 1813 primis
457 1729 598 1793 uersibus
625 1733 808 1794 mansionem
837 1749 935 1813 suam,
957 1739 992 1794 ut
1015 1732 1153 1813 quemuis

132 1838 255 1882 mouere
277 1822 382 1902 possit,
405 1821 446 1882 ita
469 1837 577 1882 rursus
596 1822 731 1902 remittit,
748 1830 783 1881 ut
802 1837 849 1881 me
868 1828 962 1902 roget,
980 1828 1016 1882 ut
1033 1820 1153 1882 annales
1168 1839 1196 1881 ro

135 1927 206 1970 suos
229 1909 385 1971 emendem
408 1916 438 1971 et
461 1908 555 1971 edam.
790 1978 793 1985 ,

98 1981 132 2050 2·
160 1999 221 2061 Cic.
236 2001 280 2061 ad
296 2000 329 2073 Q.
340 1998 384 2076 [ν.
400 1998 499 2075 1113,
512 1998 535 2058 3
558 1994 631 2075 [scr.
646 2016 675 2059 a.
690 1997 742 2058 54.
761 1996 843 2077 766]
868 1995 974 2058 Omnia
988 1996 1104 2078 colligo,
1118 2005 1155 2058 ut

131 2089 205 2150 noui
228 2087 357 2150 scribam
381 2085 492 2167 aliquid
520 2085 557 2147 ad
571 2095 618 2148 te.
656 2086 722 2168 sed,
745 2094 780 2148 ut
807 2086 907 2168 uides,
934 2104 984 2147 res
1012 2103 1060 2147 me
1087 2088 1151 2166 lpse

132 2176 241 2238 delicit
271 2179 372 2257 itaque
396 2176 433 2238 ad
456 2175 667 2238 Callisthenem
693 2183 724 2237 et
751 2174 788 2237 ad
811 2173 970 2238 Philistum
992 2175 1097 2258 redeo,
1120 2177 1152 2236 in

0 2324 1 2329 ,
132 2264 242 2346 quihus
269 2274 300 2327 te
327 2265 416 2327 uideo
444 2264 620 2328 uolutatum.
644 2297 686 2308 -—
711 2265 764 2326 sed
791 2272 877 2326 utros
907 2267 972 2326 eius
1000 2262 1148 2343 [Phelista]
1164 2280 1191 2322 rs

130 2353 273 2416 habueris
285 2353 380 2416 libros
388 2349 464 2437 (duo
477 2356 558 2415 enim
576 2361 649 2415 sunt
664 2349 805 2435 corpora)
819 2371 857 2415 an
871 2361 1025 2436 uncaque,
1038 2355 1149 2416 nescio.

132 2461 180 2504 me
189 2445 283 2524 magis
293 2444 330 2508 de
340 2442 481 2524 Dionysio
490 2441 678 2506 delectat—
688 2443 741 2504 sed
751 2442 831 2523 quod
840 2461 876 2504 ea
885 2442 1149 2524 scrihis,adgrede·

131 2533 213 2593 risne
228 2532 265 2594 ad
278 2528 456 2594 historiam?
469 2549 517 2594 me
532 2538 654 2593 auctore
663 2538 757 2612 potas.
772 2539 812 2613 et,
826 2534 966 2612 quonim
979 2529 1149 2593 tabellarios

131 2619 350 2704 subministras,
366 2620 505 2683 hodierni
514 2619 583 2682 diei
600 2639 650 2682 res
669 2628 767 2700 gestas
784 2610 1000 2702 Luper'calihus
1015 2617 1149 2682 hahehis.

411 2909 463 2997 lt
496 2906 713 2998 TVLLIVS
746 2907 868 2993 TIRO

527 3056 756 3113 rnsrmcrus

95 3171 128 3239 l.
152 3175 180 3236 Α
202 3175 314 3237 Marco
345 3174 492 3235 Cicerone
520 3189 612 3233 manu
639 3174 747 3232 massus
774 3189 802 3232 a.
826 3171 878 3230 66.
901 3168 972 3230 766
995 3161 1055 3253 (ad
1072 3167 1147 3246 sam.
1161 3185 1190 3227 ao

130 3263 216 3325 XVI
224 3258 291 3345 16).
317 3263 390 3325 Gell.
412 3263 458 3322 VI
474 3260 540 3335 3,8
569 3259 640 3322 Tiro
663 3266 763 3321 autem
784 3258 915 3342 Tullius,
937 3259 975 3320 ll.
994 3257 1147 3321 Ciceronis

129 3351 266 3433 libertus,
289 3369 360 3414 sane
383 3350 504 3431 quidem
528 3349 585 3409 luit
606 3349 727 3427 ingemo
750 3347 839 3410 homo
858 3347 986 3428 eleganti
1009 3355 1040 3410 et
1061 3347 1147 3409 haut·

129 3459 278 3523 quaquam
300 3458 403 3502 rerum
421 3438 649 3516 litterarumque
667 3444 805 3499 ueterum
823 3437 973 3519 indoctus,
992 3455 1089 3517 ecque
1109 3435 1146 3496 ah

128 3535 252 3593 ineunte
275 3537 371 3592 aetate
393 3526 557 3590 liberaliter
579 3527 717 3589 instituto
740 3524 983 3588 adminiculatore
1007 3533 1037 3588 et
1060 3527 1147 3607 quasi

129 3621 305 3683 adminIstro
327 3621 360 3680 ln
382 3617 490 3679 studiis
513 3615 679 3678 litterarum
703 3614 808 3677 Cicero
831 3633 905 3678 usus
927 3625 982 3676 est
1019 3615 1145 3678 Hieron
1159 3627 1186 3668 ’ὅ

929 3715 985 3769 14*
