2670 4058
184 204 249 268 142
460 202 483 268 Q
512 200 661 258 CLAVDII
680 201 923 268 QVADRIGARII

184 355 278 432 captis
297 353 410 432 aliquot
426 351 550 412 urbibus
568 353 599 412 in
614 351 718 431 bpulia
733 351 833 413 iusum
847 351 1049 432 fugatumque,
1064 354 1196 413 saucium

183 445 281 521 ipsum
296 460 364 502 curn
378 443 481 520 paucis
495 439 653 502 Luceriam
667 439 857 522 conpulsum3
876 439 913 500 ab
927 440 1016 501 Atilio
1030 442 1061 500 in
1076 439 1196 501 Etruria

183 548 232 591 res
255 538 353 609 gestas
377 547 505 609 eumque
528 529 737 609 triumphasse.
1171 556 1175 562 ³

273 631 331 697 35.
355 638 471 698 Nonius
489 655 511 696 s.
531 656 559 697 u.
575 639 766 713 properatim
781 655 812 712 p.
827 636 891 695 154
915 634 1129 714 Quadrigarius
1147 655 1196 698 an-

182 725 241 786 nali
264 724 341 785 libro
359 723 399 786 11:
421 723 465 785 Eo
484 724 622 786 consules
640 742 768 804 propere
788 726 953 786 exercitum
975 724 1151 786 redducunt.
1210 743 1224 785 5

273 823 332 893 36.
357 833 472 893 Nouius
495 849 517 892 s.
542 849 571 891 u.
594 831 751 905 offendere
771 850 800 908 p.
813 832 881 892 359
911 831 1123 912 Quadrigarius
1146 850 1196 892 an-

182 919 241 979 nali
269 918 377 980 libii:
413 918 485 980 Inde
512 926 670 998 postquam
698 919 881 1000 aliquantum
908 923 1046 1003 recessit,
1074 920 1196 981 offendit

182 1015 322 1088 montem,
345 1007 409 1069 loca
432 1010 548 1069 inuenit
570 1026 605 1068 ea
623 1026 672 1068 res
696 1027 799 1069 omnes
817 1008 935 1090 habere,
956 1026 1029 1088 quae
1048 1006 1195 1070 militibus

182 1115 257 1176 opus
281 1105 360 1178 sunt,
383 1095 471 1178 ligna,
495 1115 609 1177 aquam,
632 1096 782 1176 pabulum.

273 1197 332 1264 37.
356 1205 471 1266 Nouius
494 1222 517 1265 s.
541 1223 570 1264 u.
594 1207 750 1280 ipuoue‘ter
769 1225 800 1282 p.
815 1205 877 1266 513
907 1203 1121 1284 Quadrigarius
1145 1223 1194 1265 an·
1210 1224 1236 1264 ro

181 1290 242 1353 nali
264 1290 314 1353 lib.
332 1290 375 1353 11:
401 1292 440 1353 Et
463 1295 515 1373 qui
538 1291 581 1353 ibi
604 1300 701 1373 erant,
724 1310 784 1353 non
803 1296 951 1374 ignauiter
973 1294 1102 1372 potando
1127 1313 1195 1354 eum

182 1380 261 1440 diem
284 1398 338 1459 pro
361 1380 484 1442 meliore
507 1380 684 1442 habuerunt.

272 1482 330 1549 38.
354 1489 470 1549 Nouius
488 1506 510 1549 s.
529 1507 558 1549 u.
578 1490 714 1551 desubito
734 1507 765 1565 p.
779 1489 845 1548 517
867 1487 1080 1567 Quadrigarius
1098 1488 1197 1549 annali

181 1575 296 1726 ppesgq:
332 1575 386 1636 His
416 1575 554 1639 desubito
581 1578 718 1657 utrisque
745 1579 900 1638 nuntiatur
929 1580 1062 1655 ipsorum
1094 1579 1235 1724 copias15

271 1765 330 1833 39·
353 1771 775 1847 Prisctau.11111p,393p
799 1769 927 1841 Quintus
951 1769 1091 1832 Claudius
1114 1774 1145 1832 in
1168 1771 1195 1832 Π
1289 1804 1292 1810 -
1326 1739 1327 1782 ³

183 1860 344 1922 annalium:
366 1859 610 1939 Conprehensare
630 1877 700 1946 suos
719 1861 855 1941 quisque,
874 1861 999 1943 sauiare,
1019 1860 1193 1940 amplexare,

1319 735 1327 820 i

559 2027 613 2082 EX
630 2028 756 2086 LIBRO
775 2031 815 2085 III

119 2119 171 2169 2⁷8

119 2190 173 2197 —-
271 2147 331 2215 40.
357 2155 430 2214 Gell.
445 2151 532 2213 1118
558 2151 633 2212 Cum
650 2152 762 2233 Pyrrus
785 2171 839 2213 rex
861 2153 894 2214 in
911 2160 993 2214 terra
1010 2152 1093 2214 Italia
1116 2161 1195 2214 esset

119 2209 212 2303 4763,
230 2260 319 2303 unam
339 2248 427 2321 atque
446 2239 568 2301 alteram
587 2259 702 2320 pugnas
720 2260 863 2321 prospere
882 2249 1044 2322 pugnasset
1062 2242 1192 2319 satisque
1319 2249 1327 2362 p

182 2337 304 2409 agerent
326 2327 452 2388 Romani
480 2335 510 2389 et
535 2327 678 2409 pleraque
702 2329 785 2391 ltalia
812 2331 848 2392 ad
878 2349 979 2410 regem
1007 2329 1192 2410 desciuisset,
1206 2348 1234 2389 ro
1326 2363 1327 2458 q

180 2427 245 2478 tum
259 2417 479 2478 Ambraciensis
498 2419 645 2497 quispiam
659 2417 860 2501 Timochares,
878 2422 958 2498 regis
971 2419 1058 2498 Pyrri
1071 2419 1192 2498 amicus,
1326 2483 1327 2504 ἦ

181 2505 217 2566 ad
232 2505 262 2566 C.
277 2504 448 2566 Fabricium
462 2505 616 2567 consulem
630 2508 734 2570 furtim
752 2511 836 2570 uenit
854 2527 888 2570 ac
902 2508 1066 2588 praemium
1083 2507 1192 2585 petiuit
1326 2521 1327 2526 ’

181 2605 219 2675 et,
243 2595 270 2655 si
292 2593 328 2654 de
350 2597 482 2673 praemio
507 2598 690 2679 conueniret,
713 2599 851 2679 promisit
874 2614 974 2676 regem
998 2595 1121 2655 uenenis
1140 2612 1191 2655 ne-

180 2701 263 2764 care3
289 2681 380 2762 idque
409 2682 494 2744 facile
522 2702 588 2745 esse
615 2686 696 2747 iactu
727 2687 815 2766 dixit,
844 2686 982 2766 quoniam
1009 2682 1088 2742 filius
1117 2699 1191 2742 suus
1326 2759 1327 2762 Ἴ

179 2770 286 2850 pocula
308 2773 340 2832 in
363 2774 503 2834 conuiuio
526 2776 590 2854 regi
612 2777 804 2838 ministraret.
841 2773 922 2836 Eam
949 2789 1012 2832 rem
1036 2768 1191 2831 Fabricius
1205 2791 1233 2832 rs
1326 2807 1327 2830 2

180 2860 217 2921 ad
241 2867 377 2922 senatum
400 2863 528 2941 scripsit.
561 2871 682 2925 senatus
701 2864 737 2925 ad
757 2881 857 2942 regem
880 2861 992 2939 legatos
1009 2861 1092 2920 misit
1111 2878 1190 2920 man-

180 2948 330 3030 dauitque,
353 2956 387 3010 ut
410 2949 447 3010 de
470 2951 645 3013 Timochare
668 2952 743 3015 nihil
765 2952 927 3030 proderent
950 2948 1002 3010 sed
1025 2957 1191 3029 monerent,

179 3041 224 3098 uti
246 3056 300 3100 rex
323 3040 571 3118 circumspectius
590 3049 692 3120 ageret
710 3049 798 3120 atque
817 3057 833 3099 a
851 3040 1054 3118 proximorum
1073 3038 1190 3098 insidiis

179 3126 304 3188 salutem
327 3134 484 3190 tutaretur.
507 3128 570 3192 Hoc
593 3132 643 3211 ita,
666 3132 711 3191 uti
733 3130 870 3208 diximus,
893 3129 925 3188 in
948 3126 1045 3186 Valeri
1063 3125 1190 3186 Antiatis
1326 3197 1327 3206 .

179 3215 302 3276 historia
326 3217 471 3296 scriptum
494 3227 551 3280 est.
590 3217 802 3298 Quadrigarius
826 3223 925 3277 autem
947 3219 978 3276 in
1000 3213 1076 3273 libro
1099 3215 1189 3275 tertio
1203 3237 1232 3278 eo
1326 3277 1327 3296 2

178 3321 238 3364 non
262 3303 468 3382 Timocharem
491 3308 543 3369 sed
567 3306 680 3368 Niciam
704 3307 801 3368 adisse
824 3305 860 3366 ad
884 3303 1036 3366 consulem
1059 3303 1189 3386 scripsit,
1326 3377 1327 3390 ,

178 3410 275 3471 neque
289 3393 401 3473 legatos
420 3415 436 3456 a
455 3405 559 3457 senatu
577 3397 685 3457 missos
704 3395 756 3456 sed
775 3412 791 3455 a
810 3392 991 3472 consulibus,
1009 3398 1039 3451 et
1053 3392 1189 3469 Pyrrum
1326 3403 1327 3482 q

176 3480 287 3561 populo
314 3481 446 3545 Romano
474 3484 577 3546 laudes
604 3491 692 3564 atque
721 3486 829 3563 gratias
858 3483 1013 3560 scripsisse
1041 3481 1188 3558 captiuos-

179 3588 236 3649 que
259 3589 376 3653 omnes,
401 3592 474 3652 quos
497 3581 562 3634 tum
584 3572 701 3653 habuit,
724 3573 883 3634 aestiuisse
907 3577 938 3631 et
960 3568 1133 3632 reddidisse.
