2620 4054
185 213 222 271 M.
237 213 374 270 ANTON.
395 213 577 271 IVLIANVS.
605 215 636 282 O.
651 215 778 273 ASOON.
798 216 879 273 PED.
899 216 999 272 TEST.
1016 223 1040 275 1.
1059 216 1123 291 3οἵ
1189 262 1191 272 .

115 363 256 444 Τιβεριεῖς
279 358 316 426 οὐ
339 358 433 444 μόνον
456 357 633 444 οῖνειῖήφατε
655 389 691 427 τα
714 360 805 446 ὅπλα,
834 361 907 428 ἄλλα
935 364 985 428 καὶ
1011 390 1063 441 τας
1093 366 1126 429 ἐν

109 462 208 547 Συρίᾳ
226 458 298 524 δίκα
315 457 415 536 πόλεις
433 460 595 542 ἐπολεμεῖτε
614 461 668 542 [II
678 463 726 546 18,
740 462 782 542 1].
807 459 843 526 σύ
861 469 937 546 γοῦν
954 459 1007 539 τὰς
1025 459 1126 544 κόμας

110 553 209 622 αὐτῶν
236 556 413 640 ἐνέπρησας,
436 558 487 622 καί
514 554 530 622 ὃ
559 554 611 635 σὸς
638 558 751 642 οίκίτης
779 559 826 623 ἐπί
853 566 905 642 τῆς
934 557 1125 643 παρατάξεως

108 654 220 737 ἐκείνης
243 655 353 732 ἔπεσεν,
379 660 470 720 ταῦτα
493 653 526 719 δὲ
553 652 608 720 οὐκ
630 652 688 738 ίμδι
707 655 780 740 λέγω
804 653 909 738 μόνος,
928 655 1001 721 otto
1024 659 1074 723 uoci
1092 659 1125 723 δν

107 759 167 828 τοῖς
201 748 429 819 Οὐεσπασιανοῦ
465 757 518 818 τοῦ
550 749 764 836 αὐτοκράτορος
799 749 1010 836 ὑπομνήμασιν
1046 747 1150 822 cisoa

107 849 278 934 γίμραπται,
310 851 361 915 καὶ
392 854 458 915 τίνα
484 845 596 933 τρόπον
625 851 659 915 ίν
685 853 864 932 Πτολεμαΐδι
894 847 1122 919 Οὐεσπασιανοῦ

107 945 292 1030 κατεβόησαν
316 951 347 1013 oi
366 954 426 1012 τῶν
450 948 520 1012 δίκα
543 945 658 1014 πόλεων
676 949 797 1030 ίνοικοι,
819 951 961 1030 τιμωρίαν
983 945 1124 1031 ὑποσχεῖν

108 1066 138 1111 σε
160 1041 212 1113 τὀν
236 1049 330 1112 αῖτιον
353 1044 512 1124 ἀξιοῦντες.

301 1213 353 1299 M.
387 1211 644 1318 ANTONIVS
676 1211 894 1300 IVLIANV
897 1211 922 1298 S

486 1360 742 1418 TESTIMONIVM

73 1468 105 1537 1.
129 1476 245 1554 Ioseph.
255 1477 280 1537 b.
293 1477 360 1538 Iud.
370 1476 414 1538 VI
424 1476 484 1553 4,3
497 1475 706 1556 [Εκμκρκκτῖε
713 1475 931 1553 Hierosolymis
945 1494 973 1536 α.
983 1474 1004 1534 7
1006 1475 1036 1535 θ.
1044 1473 1121 1554 823]
1137 1494 1163 1534 ιο

2 1594 3 1597 ’
106 1569 315 1637 συνελθόντων
324 1575 359 1649 ἓξ
372 1579 431 1637 τῶν
444 1569 689 1656 κορυφαιοτάτων
705 1605 742 1618 ·-
762 1605 800 1616 -
818 1568 893 1652 πρὸς
910 1566 955 1646 οἷς
970 1605 1011 1615 -
1025 1561 1065 1652 ἦν
1082 1603 1120 1614 -

105 1666 234 1750 Μάρκος
252 1666 411 1746 ’Λντεόνιος
429 1666 592 1745 Ἰουλιανὸς
615 1664 631 1732 ὅ
654 1671 706 1748 τῆς
724 1663 873 1743 Ἰουδαίας
896 1667 1062 1749 ἐπίτροπος,
1078 1701 1123 1714 -

1 1798 4 1803 ⁷
104 1762 219 1846 βουλὴν
250 1765 316 1846 περὶ
347 1773 399 1830 τοῦ
432 1770 509 1832 ναοῦ
539 1767 694 1847 προυτίθει
728 1765 850 1846 [Tetus]
887 1772 947 1842 τοῖς
979 1765 1033 1847 μὲν
1066 1758 1123 1831 οῦν

104 1859 201 1927 ἐδόκει
232 1868 361 1944 χρῆσθαι
392 1869 432 1950 τῷ
458 1867 511 1927 τοῦ
538 1862 668 1944 πολέμου
695 1860 785 1952 νόμῳ.
824 1859 863 1944 μὴ
891 1859 948 1946 μδρ
981 1859 1020 1926 όῖν
1052 1887 1122 1927 ποτε

100 1958 266 2036 Ἰουδαίους
288 1955 462 2024 παῦσασθαι
485 1963 704 2040 νεωτερίζοντας
726 1967 778 2025 τοῦ
801 1963 878 2024 ναοῦ
896 1958 1051 2040 μένοντος,
1069 1957 1118 2040 ἐφ’
1136 1983 1161 2024 15

104 2053 141 2124 ὃν
164 2060 196 2123 οῖ
220 2054 409 2140 πανταχόθεν
432 2056 620 2141 συλλέγονται
644 2057 689 2136 [ic
713 2061 822 2136 quibus
840 2061 1003 2122 Ακίοκῖκκι
1024 2058 1122 2136 scisse

103 2177 143 2222 eac
165 2163 209 2221 eis
229 2176 256 2234 ς.
275 2175 335 2220 seo.
355 2154 510 2235 adparet}

306 2273 405 2330 LIBRI
423 2275 471 2330 DII
490 2273 638 2330 IVDAEIS
656 2272 915 2330 FRAGMENTVM

194 2366 226 2433 1.
250 2371 326 2432 Min.
345 2369 406 2432 aee
431 2370 494 2432 Oct.
512 2369 565 2450 33,
584 2370 606 2429 4
635 2368 751 2448 Scripta
776 2385 879 2430 eorum
903 2365 1119 2448 [Iudaeorum]

102 2459 201 2538 relego
220 2459 270 2521 uei
289 2462 315 2520 εἰ
328 2459 469 2521 Romanis
488 2459 581 2537 magis
600 2457 720 2539 gaudeo,
739 2465 773 2519 ut
791 2465 977 2520 transeamus
992 2465 1120 2539 ueteres,
1140 2523 1142 2532 .

104 2546 202 2625 [Flaui
221 2545 339 2627 Iosephi
357 2547 419 2628 uel]
439 2549 560 2610 Antonii
577 2545 683 2610 Iuliani
707 2545 743 2608 de
762 2545 879 2608 ludaeis
903 2549 1037 2627 requiret
1060 2549 1119 2608 iam
1133 2572 1159 2611 ιο

107 2637 194 2716 scios,
217 2638 350 2716 nequitia
369 2655 422 2699 sua
440 2637 517 2699 hano
536 2653 587 2698 cos
606 2637 752 2698 meruIsoe
777 2636 935 2716 fortunam,
959 2652 1015 2696 nec
1034 2636 1119 2714 quid·

103 2743 191 2806 quam
220 2723 364 2786 accidisse
393 2726 472 2806 quod
500 2744 560 2787 non
589 2726 628 2787 sit
655 2727 705 2806 iis,
734 2727 759 2786 si
789 2727 821 2785 in
844 2726 1028 2785 contumacia
1052 2741 1119 2803 per·

104 2822 289 2895 sauciarent,
312 2823 379 2875 ante
403 2815 598 2893 praedictum.

299 2975 343 3080 O.
376 2975 626 3065 ASOONIVS
658 2975 921 3066 PMDIANVS

352 3123 609 3184 TESTIMONIVM
628 3127 676 3182 DII
697 3126 869 3184 HISTORIA

64 3236 101 3308 l·
121 3242 246 3305 Hieron.
260 3243 303 3304 ad
316 3260 344 3302 α.
354 3238 442 3302 2091
451 3241 525 3302 Abr.
536 3265 578 3290 ω
593 3239 645 3300 76.
652 3239 718 3302 829
726 3261 758 3319 μ.
769 3240 833 3302 159
842 3241 912 3304 Solo.
928 3238 961 3311 O.
971 3240 1118 3301 Asconius

99 3329 248 3392 Pedianus
281 3328 410 3392 scribtor
441 3328 603 3390 historicus
633 3328 731 3392 clarus
758 3328 898 3412 hahetur,
927 3330 979 3410 qui
1006 3341 1116 3390 Lxxln
1132 3352 1157 3392 ιτ

99 3421 206 3482 aotatIa
221 3435 292 3481 auae
306 3437 383 3482 anno
397 3425 503 3498 captus
516 3416 679 3480 luminiIus
688 3431 737 3480 ΧΠ
751 3425 854 3498 postea
864 3420 949 3480 annio
959 3420 990 3480 in
1001 3436 1116 3479 summo

100 3511 233 3571 omnium
247 3507 360 3570 honore
375 3508 571 3570 consenescit.
587 3501 628 3586 (A
642 3506 786 3570 Suetonio
801 3509 831 3568 ιἰι
851 3508 930 3570 libro
944 3509 982 3569 de
995 3509 1117 3570 histori-

99 3602 146 3660 eis
165 3602 246 3661 inter
264 3597 463 3660 Fenestellam
482 3604 512 3659 et
530 3597 662 3658 Plinium
681 3598 826 3658 maiorem
845 3590 1088 3679 recensebatur.)

182 3701 184 3708 ’
901 3694 957 3750 20*
