2640 4052
182 208 227 275 30
524 207 555 275 Q.
573 207 673 264 rann
689 205 855 265 Pleroma

181 360 284 440 λαβεῖν
305 351 359 421 τὸν
380 351 511 438 πόλεμον
527 350 583 438 τὴν
604 357 708 438 ιιρίσιν.
731 353 767 419 rol
786 354 840 438 ola
858 347 915 420 οὖν
936 355 1004 440 περλ
1020 351 1199 440 ιδνἚρυιια

73 476 81 488 ’
119 454 233 554 22χιιαλ
253 451 305 532 τὰς
327 450 446 531 πεζιιιδις
470 450 613 537 δυνάμεις
634 450 773 536 τοιαύτην
795 453 860 535 ἔσχε
882 449 1029 517 διάδοσιν.

118 573 174 646 553
272 548 331 616 23.
355 553 611 630 oros.111113,5
634 552 667 615 t.
681 551 806 614 Aemilio
821 551 925 614 Catulo
939 552 970 614 C.
984 552 1074 615 Atilio
1084 552 1198 634 Regulo

182 642 357 706 consulibus
374 659 480 724 magna
493 642 652 706 lormidine
666 649 876 706 consternatus
895 649 942 703 est
960 651 1082 704 senatus
1100 642 1197 706 deleo·

181 734 263 794 tione
273 731 440 812 Cisalpinae
454 730 572 814 Galliae,
587 750 657 794 eum
674 734 763 794 otiam
777 750 814 792 ex
828 729 971 794 ulteriore
986 730 1077 794 Gallia
1091 734 1225 813 ingenua

181 821 344 885 aduentare
363 823 513 884 exereitus
532 821 732 902 nuntiaretur,
750 823 876 882 maxime
896 819 1098 904 Gaesatorurm
1117 822 1197 902 quod

181 928 290 972 nomen
304 927 363 973 non
378 913 476 990 gentis
491 909 543 972 sed
558 912 834 972 mercennariorum
848 909 999 972 Gallorum
1017 918 1072 973 est
1095 913 1197 991 itaque

180 997 1196 1080 permoticonsulestotiusltaliaeadpraesidiumimperiioontraxere

181 1091 271 1151 uires.
306 1107 365 1169 quo
385 1089 462 1150 lacto
481 1091 512 1150 in
531 1090 689 1168 utriusque
712 1087 845 1150 consulis
868 1091 1003 1151 exercitu
1026 1091 1196 1169 octingenta

180 1177 260 1239 milia
279 1185 461 1239 armatorum
485 1177 578 1239 luisse
597 1178 780 1260 referuntur,
799 1179 878 1240 sicut
896 1175 1006 1239 Fabius
1024 1177 1237 1261 historiens,'10

181 1269 233 1346 qui
255 1267 352 1328 eidem
375 1266 452 1328 bello
476 1266 621 1348 interfuit,
645 1268 775 1346 scripsit.
810 1285 845 1327 ex
865 1266 975 1347 quibus
993 1266 1195 1329 Romanorum

180 1363 211 1417 et
228 1355 445 1435 Campanorum
463 1356 586 1417 luerunt
609 1356 743 1436 peditum
762 1367 938 1418 occxuvm
960 1355 1041 1417 milia
1063 1355 1194 1440 ducenti,

180 1447 315 1525 equitum
336 1462 410 1506 uero
432 1459 519 1506 xxm
537 1444 616 1506 milia
635 1447 778 1526 sescenti3
801 1452 901 1506 cetera
920 1445 1079 1506 multitudo
1098 1447 1194 1508 sonio-

179 1552 248 1596 rom
271 1534 336 1596 luit
360 1561 403 1584 =
422 1535 549 1611 metrop.
572 1535 671 1596 1115
707 1533 740 1595 t.
762 1533 886 1595 Aemilio
910 1533 1034 1597 consule
1056 1536 1193 1614 ingentes
1310 1569 1312 1634 ρ

179 1621 331 1684 Gallorum
353 1625 456 1702 copiae
479 1622 568 1703 Alpes
591 1625 788 1704 transierunt,
812 1622 865 1684 sed
887 1642 942 1704 pro
966 1622 1106 1686 Romanis
1129 1633 1191 1686 tota
1207 1645 1234 1688 ιτ

179 1709 261 1773 ltalia
291 1715 456 1793 consensit,
483 1712 686 1793 traditumque
714 1719 761 1774 est
787 1730 805 1773 a
832 1711 924 1772 Fabio
955 1711 1113 1795 historico,
1141 1715 1195 1794 qui

179 1803 208 1861 ei
239 1799 317 1862 bello
349 1802 498 1886 interluit,
526 1814 618 1864 noco
650 1801 731 1862 milia
766 1800 921 1862 hominum
952 1808 1054 1881 parata
1090 1802 1128 1864 ad
1163 1802 1194 1864 id

178 1888 289 1952 bellum
304 1889 405 1952 finisse.
429 1890 482 1952 sed
500 1909 550 1952 res
568 1909 623 1972 per
641 1889 795 1953 consulem
813 1896 930 1951 tantum
948 1908 1092 1971 prospere
1110 1900 1194 1970 gesta
1311 1965 1312 1990 ρ

178 1986 233 2041 est.
247 1993 303 2042 'xm
321 1978 402 2042 milia
421 1980 553 2042 hostium
572 1980 730 2060 interiecta
744 1985 816 2040 sunt
834 1985 864 2039 et
883 1979 1054 2060 triumphus
1068 1981 1193 2043 Aemilio

178 2068 326 2132 decretus.
1208 2091 1236 2132 so

267 2160 326 2229 24.
346 2167 425 2230 Plio.
434 2185 463 2228 ιι.
473 2167 547 2227 luX
556 2165 596 2226 71
615 2161 718 2227 Tradit
727 2164 877 2228 etratus
887 2163 988 2229 Pictor
997 2169 1028 2228 in
1038 2166 1194 2230 annalibus

177 2256 253 2336 suis,
277 2273 346 2317 cum
373 2254 563 2316 obsideretur
585 2253 768 2334 praesidium
791 2246 996 2318 Romanum'a
1019 2256 1195 2340 Ligustinis„
1309 2327 1310 2332 χ

177 2343 369 2416 hirundinem
392 2363 409 2404 a
431 2342 521 2424 pullis
544 2341 580 2404 ad
604 2361 637 2404 se
656 2343 791 2426 adlatam,
815 2353 850 2407 ut
867 2345 928 2408 lino
947 2345 983 2408 ad
1002 2345 1109 2426 pedem
1128 2347 1193 2408 elus
1309 2339 1310 2348 ’

177 2433 305 2514 adligato
332 2432 419 2495 nodis
446 2431 641 2514 significaret,
674 2441 765 2512 quoto
798 2434 846 2496 die
877 2434 1055 2498 adueniente
1083 2435 1192 2498 auxilio

114 2567 167 2618 219
177 2523 295 2601 eruptio
318 2523 385 2583 lieri
408 2519 539 2584 deberet.
1206 2545 1234 2587 rs
1309 2591 1310 2596 ,

113 2639 168 2709 ᾗ
267 2615 326 2682 25.
341 2621 445 2698 Potor.
453 2619 511 2680 III
516 2619 575 2694 8,1
595 2614 1192 2702 Φάβιοςδίφησιν,δῬωμα“ιλιδςσυχγρα-

176 2714 261 2798 orda,
279 2713 342 2799 ἅμα
359 2720 401 2802 τῷ
418 2711 493 2778 aar&
506 2720 720 2794 Ζανανθαίους
738 2712 896 2798 ἀδικήματι
912 2714 964 2778 καλ
982 2710 1038 2796 τὴν
1052 2710 1191 2798 Ἀσδρού·

175 2817 234 2897 βου
265 2815 439 2890 πλεονεξίαν
470 2812 521 2877 aul
552 2817 713 2898 φιλαρχίαν
744 2817 841 2879 αἰτίαν
872 2815 1009 2897 γίνεσθαι
1039 2817 1093 2877 tori
1124 2810 1189 2877 κατ’

172 2908 314 2993 ’Λννίβαν
345 2909 483 2993 πολέμου.
530 2911 646 2977 ἐκεῖνον
676 2909 734 2996 χδρ
765 2906 895 2994 μεγάλην
926 2905 1108 2992 ἀνειληφότα
1136 2907 1192 2994 τὴν

176 3010 352 3073 δυναστείαν
374 3007 408 3072 ἐν
430 3015 492 3085 τοῖς
513 3006 577 3073 κατ’
599 3006 733 3092 Ἰβηρίαν
754 3003 866 3086 τόποις,
888 3002 959 3089 μοναί
980 3013 1073 3073 ταῦτα
1094 3031 1191 3093 παρα-
1204 3029 1232 3070 οο
1307 3045 1308 3048 ¹

174 3100 337 3189 γινόμενον
354 3105 404 3170 iot
417 3101 541 3188 Λιβύην
560 3105 754 3190 ἐπιβαλέσθαι
770 3100 975 3170 καταλύσαντα
992 3103 1063 3184 todo
1079 3104 1192 3190 νόμους
1307 3141 1308 3144 “

175 3205 218 3279 είς
246 3207 409 3287 μοναρχίαν
435 3207 606 3287 περιστῆσαι
633 3199 665 3268 τὸ
693 3205 853 3284 πολίτευμα
878 3207 939 3268 τῶν
960 3205 1191 3287 Καρχηδονίων·
1307 3209 1308 3217 ’

173 3297 245 3377 rode
267 3300 301 3366 δὲ
322 3299 458 3386 πρώτους
477 3299 591 3384 ἄνδρας
609 3301 658 3366 ἐπλ
675 3305 728 3366 τοῦ
746 3297 957 3383 πολιτεύματος
974 3299 1191 3384 προϊδομίνους

175 3393 267 3464 αὐτοῦ
284 3394 340 3483 τὴν
358 3395 501 3483 ἐπιβολὴν
521 3404 732 3483 συμφρονῆσαι
751 3399 801 3463 arod
822 3401 977 3482 διασιῆναι
994 3396 1070 3482 πρὸς
1089 3392 1191 3465 αδτόν.

173 3493 226 3561 τὸν
239 3492 267 3560 δ’
286 3493 473 3580 Ἀσδρούβαν
486 3490 678 3579 ὑπιδόμενον,
692 3493 925 3582 ἀναχωρήσαντα
943 3496 976 3560 ίιι
993 3503 1045 3580 τῆς
1058 3491 1189 3582 Λιβύης,
1203 3520 1231 3563 aa

172 3590 205 3659 τὸ
237 3593 345 3661 λοιπὸν
374 3592 435 3676 ἤδη
466 3589 503 3657 τδι
533 3590 608 3659 ιιαιδι
634 3593 690 3679 τὴν
712 3593 845 3679 Ἰβηρίαν
872 3596 1005 3679 χιιρίζειν
1036 3591 1109 3661 ιιατᾶ
1135 3592 1191 3679 την

1304 3673 1306 3820 l
