2638 4056
187 226 252 292 180
479 226 510 282 L.
531 225 705 282 conantur
724 226 904 284 aasentias

275 370 334 438 25.
357 376 433 438 Non.
446 394 470 438 s.
484 394 514 437 a.
524 379 715 453 praestolari
728 395 759 454 a.
772 377 836 438 161
860 375 986 438 Sisenna
1008 377 1202 438 historiarum

184 463 261 526 libro
284 463 338 526 lll:
366 463 489 526 Occulta
513 465 656 544 tacitique
679 465 899 528 aduenientiam
927 465 1095 528 cohortium
1117 483 1201 547 prac-

185 551 289 615 stolari
311 554 472 632 occipiunt.
781 589 783 594 ·

276 637 334 704 26.
349 644 425 704 Nora
439 661 462 705 s.
477 663 506 704 ιι.
520 646 589 706 sorti
595 662 628 722 p.
643 642 707 704 491
731 643 856 708 Sisenna
869 643 975 706 histor.
989 643 1040 706 lib.
1050 641 1103 707 111:
1115 643 1201 708 hosc-

185 749 275 812 quam
289 749 366 792 sonu
384 733 538 811 signorum
552 731 698 813 proelium
713 751 819 812 magno
834 751 903 794 cum
922 733 1051 796 clamore
1065 735 1202 796 uirorum
1216 755 1230 796 s

184 822 377 883 commissum
401 830 454 882 est.

276 915 334 981 27.
358 921 434 983 Noa.
448 939 471 982 s.
491 939 520 981 ιι.
536 923 694 998 protelare
704 939 739 998 p.
753 919 821 982 363
845 918 970 981 Sisenna
993 919 1062 982 hist.
1085 919 1135 984 lib.
1150 918 1202 982 111:

184 1008 332 1071 Romanos
355 1011 460 1088 inpetu
484 1028 538 1070 suo
560 1009 718 1090 protelant,
741 1007 903 1089 protelatos
926 1016 1134 1088 persecuntur.

276 1102 334 1170 28.
359 1109 435 1169 Noa.
448 1126 472 1169 s.
486 1126 516 1169 ιι.
531 1110 673 1169 certatim
692 1126 724 1185 p.
738 1107 804 1167 516
827 1106 953 1168 Sisenna
965 1106 1070 1168 histor.
1084 1105 1134 1168 lib.
1148 1106 1201 1169 111:

184 1195 282 1275 Atque
306 1198 397 1257 armis
421 1196 457 1256 de
481 1197 543 1257 uita
567 1198 704 1257 certatim
728 1195 869 1258 dimicare
893 1195 1054 1257 nitebatur.
1215 1220 1243 1261 ιο

274 1288 333 1355 29.
358 1296 433 1356 Noa.
447 1312 471 1354 s.
485 1312 514 1356 a.
529 1300 660 1356 materes
676 1313 706 1370 p.
720 1293 789 1355 556
812 1292 937 1355 Sisenna
959 1293 1065 1355 histor.
1083 1291 1134 1356 lib.
1145 1291 1201 1354 lll:

185 1382 261 1443 Galli
282 1382 446 1444 materibus
470 1390 521 1443 aut
543 1381 655 1444 lanceis
678 1383 840 1463 conligunt.

274 1473 333 1542 30.
357 1481 432 1541 Non.
448 1482 573 1541 datiaas
581 1498 643 1557 pro
658 1483 717 1544 ahl.
726 1500 758 1559 p.
772 1481 841 1542 502
865 1479 991 1542 Sisenna
1007 1478 1200 1542 historiarum
1309 1525 1311 1570 t

184 1565 235 1628 lib.
250 1567 303 1628 lll:
327 1567 373 1628 Ali
396 1568 473 1629 saltu
497 1587 530 1629 ac
554 1569 712 1632 uelocitate
735 1578 860 1632 certare.
1308 1591 1311 1670 ι

274 1658 333 1726 31.
357 1666 433 1727 Νοιι.
447 1684 470 1726 s.
484 1684 514 1728 a.
529 1670 740 1744 maachalatim
747 1686 781 1744 p.
792 1667 853 1727 141
868 1667 993 1727 Sisenna
1006 1665 1201 1728 historiarum
1217 1692 1243 1732 ra
1309 1683 1311 1688 ’

185 1751 262 1815 lihro
281 1751 334 1815 Ill:
357 1753 577 1834 Requiescendi
595 1758 723 1837 spatium
742 1759 831 1836 nacti,
849 1774 918 1818 cum
936 1753 1090 1817 densiores
1109 1757 1200 1816 maai-

183 1841 308 1922 pulatim
333 1845 473 1905 resistere
496 1843 634 1906 hostrhus
657 1847 871 1926 instituissent,
887 1893 892 1906 .
909 1891 916 1906 .
932 1892 938 1906 .
955 1892 961 1906 .

274 1934 334 2002 32.
359 1942 434 2002 Noa.
452 1959 475 2001 s.
491 1958 520 2001 ιι.
532 1946 715 2018 permittere
728 1963 760 2021 p.
775 1944 840 2004 162
864 1942 990 2004 Sisenna
1007 1941 1201 2004 historiarum
1249 2011 1253 2020 .
1309 2011 1310 2016 .

184 2029 260 2090 lihro
282 2027 337 2090 lll:
369 2028 408 2090 Et
430 2029 499 2091 inde
524 2047 610 2091 ecum
634 2032 816 2094 concitatum
842 2034 985 2114 princeps
1007 2031 1044 2092 ad
1067 2030 1201 2094 hostium
1309 2027 1310 2102 ἲ

183 2121 330 2198 permittit
353 2121 456 2179 aciem.
1214 2146 1244 2186 20

274 2212 332 2278 33.
357 2217 432 2278 Non.
451 2235 474 2278 s.
489 2235 518 2278 ιι.
533 2222 741 2294 cooamatare
751 2237 783 2297 p.
798 2219 845 2278 57
868 2217 993 2280 Sisenna
1006 2217 1200 2281 historiarum
1309 2257 1310 2310 t

184 2304 261 2366 lihro
273 2303 329 2366 lll:
351 2303 438 2366 ltlulti
454 2305 550 2385 plagis
563 2305 700 2367 ‘aduersis
718 2309 771 2369 icti
789 2315 820 2372 et
839 2307 1045 2387 congenuclati
1059 2305 1200 2368 Romanis
1309 2331 1310 2355 ι

184 2395 387 2473 praecipitatis
410 2390 434 2475 †
457 2397 515 2473 ipsi
538 2412 628 2474 supra
652 2395 749 2458 noluit
771 2399 803 2457 in
826 2405 924 2476 caput.

273 2486 331 2561 34.
356 2494 432 2554 Non.
445 2511 468 2553 s.
483 2511 513 2553 ιι.
527 2495 677 2555 mandare
687 2512 718 2572 a.
732 2495 796 2556 135
816 2493 945 2555 'Sisenna
962 2493 1104 2555 historiae
1123 2492 1199 2554 libro

183 2578 239 2642 lll:
262 2579 335 2642 Post
348 2582 496 2660 principia
509 2581 651 2661 paulatim
665 2583 811 2645 recedunt
825 2592 914 2663 atquc
928 2581 998 2643 inde
1013 2601 1082 2644 cum
1094 2584 1199 2662 paucis
1214 2607 1243 2648 ss

185 2672 271 2750 lugae
295 2689 327 2731 se
351 2670 500 2731 mandant.

271 2763 330 2830 35.
355 2769 431 2829 Non.
448 2787 471 2828 s.
494 2786 525 2829 ιι.
549 2771 706 2847 disputare
725 2789 756 2847 p.
771 2770 834 2830 101
850 2768 982 2840 Sisenna
1005 2767 1199 2827 historiarum

182 2855 259 2918 libro
278 2854 332 2918 lll:
355 2856 496 2935 hispalati
516 2857 552 2919 ab
576 2860 677 2939 siguis,
700 2859 828 2938 digressi
849 2873 953 2917 omnes
976 2873 1010 2916 ac
1033 2854 1176 2936 dissipati.

273 2950 332 3017 36.
356 2957 431 3017 Noa.
455 2974 477 3016 s.
498 2974 528 3017 a.
553 2957 655 3017 hirtam
678 2959 791 3017 milium
814 2971 940 3017 numero
957 2954 1050 3031 ιι80
1074 2951 1199 3015 Sisenna

182 3043 376 3106 historiarum
408 3043 485 3104 lihrc
509 3042 561 3106 lll:
593 3044 638 3105 hd
666 3043 769 3105 binum
797 3043 910 3104 milium
939 3061 1065 3105 numero
1087 3045 1199 3104 sauciis
1214 3069 1242 3110 ec

183 3134 336 3213 utrimque
358 3134 453 3196 lactis.

273 3225 331 3292 37.
356 3233 430 3294 Non.
448 3252 471 3294 s.
490 3252 520 3293 a.
540 3235 664 3294 inermis
679 3248 738 3307 pro
758 3233 924 3294 inermibus
938 3250 970 3309 p.
984 3230 1051 3290 492
1074 3230 1200 3292 Sisenna

184 3317 289 3379 histor.
311 3319 361 3380 lib.
380 3318 433 3381 lll:
456 3320 595 3401 Plerique
618 3321 727 3381 inermi
749 3323 781 3382 in
803 3327 900 3382 castra
922 3320 1104 3399 perfugiunt.

274 3411 333 3480 38.
357 3421 432 3481 Nora.
451 3437 474 3480 s.
493 3437 523 3480 a.
542 3419 655 3482 ternbas
670 3437 700 3494 p.
715 3418 781 3478 534
805 3417 931 3479 Sisenna
954 3417 1058 3479 histor.
1080 3416 1131 3478 lib.
1145 3415 1199 3478 111:

184 3503 342 3569 Otacilium
365 3507 495 3586 legatum
518 3526 587 3570 cum
610 3506 729 3588 scaphis
753 3526 786 3570 ac
810 3505 926 3568 lemhis.
1211 3533 1240 3573 aa

273 3599 331 3666 39.
347 3605 422 3666 Νοη.
433 3622 456 3665 s.
467 3622 496 3666 a.
508 3609 672 3667 actuariae
686 3606 790 3682 paea
805 3615 865 3668 ets.
875 3625 905 3667 ιι.
915 3611 1080 3670 onerariae
1090 3626 1121 3684 p.
1131 3607 1199 3668 53⁶
