2638 4056
433 246 660 303 FRAGMENTA
680 253 811 306 rs-ooc.
1068 251 1133 316 185

112 396 325 458 Periclitantur
352 404 499 459 tormenta
527 415 561 458 ac
588 397 646 458 tela
673 397 826 477 mubaque
849 415 961 477 genem
981 400 1131 462 machina-

111 495 291 548 mentorum.

200 569 260 638 92.
283 577 359 637 Non.
373 594 396 636 1.
411 595 440 637 u.
456 577 595 637 bella'stee
605 595 636 653 p.
651 576 717 636 555
741 576 867 638 Sisenna
879 577 985 640 histor.
999 577 1050 639 lib.
1061 577 1130 641 llll:

111 663 247 726 Badllstas
271 671 413 744 quattuor
436 663 614 726 trdentarbs.

201 748 259 815 99.
283 756 360 816 Noa.
382 772 407 814 a
424 771 455 816 u.
477 755 631 816 1111111111
651 761 741 818 nocte
755 773 788 832 p.
803 754 844 815 91
875 754 1001 818 Sisenna
1023 756 1156 818 bistone

109 841 161 903 bb.
174 841 244 904 llll:
266 841 330 922 lpsi
347 841 440 922 legati
455 841 601 904 concubia
619 851 707 904 nocto
721 843 831 923 oppido
848 843 977 923 digressi
993 848 1052 908 iam
1071 845 1128 906 sub

109 931 243 993 bostium
265 933 462 994 munitionem
485 932 659 994 succedunt

200 1015 259 1084 94.
283 1023 358 1084 Non.
381 1041 404 1084 1.
427 1039 457 1082 u.
480 1024 581 1098 aptsci
597 1040 630 1100 p.
646 1021 689 1081 68
722 1020 847 1083 Sisenna
870 1020 1128 1102 historiographus

109 1107 187 1170 libro
210 1109 276 1172 llll:
309 1110 411 1190 ltaque
439 1116 561 1190 postero
589 1109 638 1172 dia
666 1109 778 1189 legatos
806 1108 945 1190 Iguuium
972 1111 1127 1173 redeuntis

109 1201 263 1278 apiscitur.
1143 1216 1169 1256 11

198 1282 257 1350 ab.
281 1289 356 1350 Non.
379 1307 402 1350 s.
426 1307 455 1349 u.
475 1291 622 1367 proicere
640 1308 671 1366 p.
685 1289 751 1349 162
784 1288 911 1350 Sisenna
932 1288 1127 1351 historiarum

108 1375 186 1437 libro
205 1375 272 1438 llll:
295 1375 372 1439 'lum
389 1386 551 1458 postquam
568 1377 646 1456 apud
664 1377 806 1458 Iguuinos
826 1397 859 1440 ac
878 1377 1042 1440 Perusinos
1060 1380 1126 1440 cius

111 1465 183 1527 lacti
204 1469 387 1527 mentionem
409 1467 544 1546 proiecit.

198 1550 258 1617 96.
282 1558 357 1618 Non.
371 1575 395 1617 s.
409 1575 438 1617 11.
452 1557 596 1631 subipere
610 1572 641 1631 p.
656 1555 729 1615 400
752 1555 877 1617 Sisenna
900 1554 970 1617 bist.
993 1554 1043 1617 lib.
1057 1553 1124 1618 llll:

107 1642 237 1706 Terrore
259 1643 465 1724 perturbatam
487 1643 709 1705 multitudinem
732 1643 883 1724 subigunt.
1138 1658 1165 1700 1⁵

196 1727 257 1795 97.
281 1735 355 1796 Non.
376 1753 401 1795 1.
419 1752 449 1795 u.
468 1736 623 1794 deducere
641 1751 673 1811 p.
686 1731 753 1794 289
781 1731 907 1794 Sisenna
928 1733 1124 1795 historiarum

106 1821 157 1883 lib.
171 1821 239 1883 llll:
261 1822 307 1883 nb
330 1824 420 1884 armis
443 1821 593 1903 recedere,
615 1821 764 1900 praesidia
786 1821 822 1882 de
846 1822 919 1883 locis
943 1822 1100 1883 deducere.

197 1905 256 1974 98.
280 1913 356 1973 Non.
370 1930 393 1972 1.
408 1929 437 1972 u.
452 1913 643 1973 necessitudo
653 1929 684 1988 p.
694 1909 761 1970 354
779 1908 904 1971 Sisenna
916 1909 986 1972 hist.
996 1910 1045 1972 lib.
1056 1909 1123 1971 llll:

107 1997 140 2060 ld
155 2017 202 2060 me
216 2018 317 2081 neque
328 2008 411 2062 metu
425 2015 523 2080 neque
538 1997 712 2061 calamitatis
726 1999 947 2061 necessitudine
966 1999 1122 2061 inductum

107 2089 214 2150 lacere.
1137 2104 1167 2144 so

196 2182 256 2250 99.
281 2189 357 2250 Non.
375 2207 399 2249 1.
417 2207 448 2250 u.
467 2206 524 2248 uer
545 2203 670 2248 sacrum
688 2205 720 2264 p.
735 2187 800 2247 522
824 2186 883 2248 Sed
907 2185 1033 2248 Sisenna
1055 2186 1124 2248 reli-

107 2279 224 2356 giosum
256 2276 329 2338 dlcit
360 2276 464 2337 histor.
492 2275 542 2337 lib.
565 2272 633 2338 11111
665 2275 821 2347 Quondam
849 2275 953 2337 Sabini
984 2277 1124 2337 feruntur

108 2368 242 2447 uouisse,
265 2367 292 2426 si
314 2383 364 2427 res
385 2365 552 2427 communis
575 2363 749 2438 melioribus
771 2363 846 2427 locIs
868 2367 1067 2446 constitisset,
1091 2383 1123 2426 se

107 2472 162 2516 uer
185 2473 303 2517 sacrum
326 2454 467 2516 facturos.

198 2546 280 2615 199.
304 2553 380 2614 Non.
394 2571 417 2613 1.
432 2571 461 2614 u.
477 2555 628 2613 damnare
641 2569 673 2628 p.
687 2551 758 2611 277
781 2549 907 2613 Sisenna
928 2551 1122 2612 historiarum
1136 2565 1165 2607 ao

105 2637 156 2702 lib.
175 2639 242 2703 llll:
274 2637 340 2713 Quo
370 2649 441 2702 uoto
469 2639 600 2702 damnati
626 2640 720 2701 sctum
751 2658 869 2700 omnem
892 2639 1034 2701 dicuntur
1057 2641 1122 2701 eius

107 2733 178 2791 anni
201 2732 301 2792 statIm
324 2747 524 2791 consecrasse.

198 2819 279 2890 191.
304 2829 378 2889 Non.
392 2845 416 2889 1.
431 2845 461 2888 u.
476 2827 717 2904 1111111115Ῑό
735 2827 860 2888 Sisenna
874 2825 979 2888 histor.
994 2825 1044 2887 lib.
1054 2825 1121 2888 llll:

105 2915 231 2978 Profuse
258 2925 346 2996 atque
374 2915 491 2977 abunde
519 2933 637 2996 semper
665 2919 713 2978 usl
739 2931 879 2996 magnum
907 2915 1024 2995 pondus
1056 2917 1122 2976 auri

105 3008 290 3086 argentique.
1134 3016 1163 3057 11

197 3089 279 3157 199.
304 3096 379 3156 Non.
397 3113 421 3155 1.
439 3113 468 3156 ae.
488 3097 591 3171 opinio
605 3113 635 3170 p.
649 3094 719 3154 356
742 3093 867 3155 Sisenna
889 3093 958 3154 hist.
981 3091 1030 3154 lib.
1054 3092 1120 3154 llll:

105 3183 273 3263 Popaedius
296 3185 435 3262 opimone
459 3184 601 3244 frustrata
616 3231 622 3244 .
638 3229 645 3243 .
661 3230 667 3243 .
683 3231 689 3244 .

198 3267 280 3334 199.
304 3273 381 3334 Non.
394 3291 417 3334 1.
431 3291 460 3334 e.
476 3274 569 3334 labra¹
578 3289 609 3348 p.
623 3270 694 3331 449
716 3271 841 3332 Sisenna
864 3271 969 3332 histor.
989 3270 1039 3332 lib.
1053 3267 1120 3331 11111

105 3361 248 3422 innoxios
273 3360 472 3422 trementibus
504 3360 629 3422 artubus
656 3368 779 3440 repente
806 3359 937 3421 extrahit
968 3366 1057 3439 atque
1089 3361 1121 3420 in

105 3448 189 3512 labro
226 3465 342 3511 stnnmo
378 3450 523 3532 fluminis,
556 3449 639 3510 caelo
670 3448 787 3510 albente
932 3441 986 3531 (cf.
1020 3449 1119 3521 (111111.
1134 3461 1161 3501 as

112 3539 196 3600 VIII
213 3540 244 3619 3,
265 3533 334 3622 35.)

198 3622 278 3691 191.
303 3621 378 3692 Non.
392 3647 416 3692 1.
429 3647 459 3691 u.
473 3645 600 3692 caecum
611 3647 642 3706 p.
652 3626 720 3687 449
738 3626 864 3688 Sisenna
878 3625 982 3687 histor.
992 3624 1042 3687 lib.
1053 3625 1119 3687 llll:
