2670 4058
198 274 240 342 70
529 273 560 328 L.
580 270 693 330 cussit
711 269 880 326 HHMINAH

195 422 403 504 regnantibus,
432 424 516 484 annis
544 430 612 502 post
641 420 751 483 bellum
774 418 950 501 Troianum,
981 428 1014 482 ut
1037 401 1158 481 Cassius
1180 418 1213 479 in

195 517 292 595 primo
312 512 461 576 annalium
476 511 513 572 de
528 511 657 573 Homero
674 517 763 590 atque
777 508 906 574 Hesiodo
922 511 1068 589 scriptum
1082 507 1212 588 reliquit,

190 603 262 684 plus
280 611 401 664 centum
420 609 510 681 atque
529 602 689 681 sexaginta,
708 607 776 661 ante
794 598 917 660 Romam
936 606 1035 661 autem
1054 598 1213 678 conditam,

195 700 229 754 ut
239 691 394 756 Cornelius
408 690 508 771 Nepos
522 693 553 751 in
565 691 661 770 primo
672 689 813 751 chronico
829 690 865 750 de
875 687 1005 750 Homero
1019 688 1093 750 dicit
1103 685 1213 770 [sr‚2],

194 783 280 844 annis
304 783 425 842 circiter
448 788 570 842 centum
593 788 624 841 et
646 780 805 859 sexaginta.
1225 794 1239 836 c

283 873 318 940 9.
343 880 418 941 Non.
432 899 455 941 s.
470 897 500 940 tt.
515 883 585 942 ilico
601 897 632 956 p.
648 878 713 939 325
736 876 861 938 Hemina
879 876 948 937 bist.
962 876 989 937 l:
1012 874 1051 937 Et
1068 883 1133 937 tum
1152 893 1212 955 quo

193 969 275 1030 irent
296 967 477 1050 nesciebant,
500 968 569 1030 ilico
592 975 774 1030 manserunt.
789 999 831 1008 -
846 965 899 1027 His
918 966 1124 1045 persuadetur,
1143 964 1212 1025 ilico

193 1066 356 1119 manerent.
372 1093 414 1156 ξ
428 1057 595 1147 Hersilien
618 1063 747 1118 manent.

284 1149 341 1220 10.
360 1147 439 1218 noo.
463 1175 486 1217 s.
510 1175 539 1216 u.
559 1158 731 1232 perpzeetm
746 1173 776 1231 p.
791 1153 854 1214 515
882 1152 1006 1214 Hemina
1029 1152 1098 1214 bist.
1117 1149 1166 1212 lib.
1186 1149 1213 1209 l:

173 1243 329 1306 *Prudens
352 1245 516 1325 perplexim
541 1243 654 1305 scribit.
1227 1261 1254 1301 ro

576 1395 634 1452 EX
657 1395 785 1452 LIBRO
804 1396 830 1451 II

285 1505 342 1574 ll.
365 1512 500 1572 Dt'omed.
517 1511 539 1570 Ι
549 1529 580 1587 p.
593 1510 660 1571 384
674 1512 712 1570 K.
736 1509 815 1571 Haeo
835 1511 876 1571 ita
894 1527 961 1570 esse
979 1509 1036 1570 hoo
1055 1508 1143 1569 modo
1163 1507 1213 1568 ad-

192 1602 291 1661 firmat
314 1598 435 1661 Cassius
458 1597 583 1660 Hemina
610 1601 642 1659 in
666 1599 797 1660 secundo
820 1599 1027 1661 historiarum:
1054 1598 1213 1658 Pastorum

192 1689 302 1768 uulgus
316 1691 381 1750 sine
396 1689 588 1749 contentione
598 1688 811 1750 consentiendo
826 1689 1035 1767 praefecerunt
1049 1685 1212 1766 aequaliter
1312 1697 1313 1704 ¹

192 1781 319 1858 imperio
332 1776 459 1838 Remum
478 1784 509 1838 et
522 1776 690 1858 Romulum,
705 1779 746 1838 ita
764 1784 798 1839 ut
812 1778 849 1838 de
863 1795 956 1857 regno
974 1783 1115 1856 pararent
1133 1777 1213 1836 inter
1312 1763 1313 1782 ¹

193 1885 234 1929 se.
258 1874 425 1928 monstrum
443 1867 490 1928 tit:
510 1884 562 1928 sus
580 1863 659 1946 parit
676 1885 786 1946 porcos
803 1868 935 1948 triginta,
950 1867 1037 1926 cuius
1051 1867 1096 1926 rei
1110 1865 1212 1925 fanum
1227 1883 1253 1924 rs
1312 1853 1313 1866 ¹

195 1957 332 2018 iecerunt
354 1954 468 2017 laribus
483 1954 695 2030 ,Grundilibus

284 2049 368 2117 12²³.
392 2056 470 2116 Plio.
489 2074 518 2116 n.
537 2057 565 2116 b.
581 2054 617 2115 X
622 2055 736 2116 VIII7
757 2053 853 2115 Numa
876 2054 1007 2115 instituit
1030 2052 1102 2112 deos
1125 2051 1212 2130 fruge

180 2144 291 2206 'colere
311 2152 340 2204 et
358 2143 436 2205 mola
455 2143 531 2204 salsa
551 2143 719 2223 supplicare
734 2151 833 2224 atque,
846 2150 881 2204 nt
895 2150 1064 2203 auctorest
1078 2139 1213 2220 Hemina,
1312 2199 1313 2204 ,

193 2233 237 2295 iar
252 2241 390 2313 torrere,
414 2234 554 2312 quoniam
577 2239 688 2293 tostum
712 2232 780 2294 cibo
804 2231 953 2293 salubrius
981 2237 1074 2310 esset,
1098 2229 1127 2289 id
1151 2247 1211 2289 uno
1312 2229 1313 2240 ¹

192 2323 280 2383 modo
304 2331 494 2402 consecutus,
518 2321 676 2383 statuendo
699 2339 760 2382 non
779 2339 845 2382 esse
868 2337 977 2402 purum
996 2319 1116 2380 adrem
1136 2316 1212 2378 diui-
1226 2341 1254 2382 ro

177 2429 261 2472 nam
285 2412 343 2471 nisi
365 2417 486 2472 tostum.

284 2502 368 2572 lc*.
393 2510 471 2570 Ptin.
489 2528 518 2570 n.
538 2510 566 2569 b.
581 2508 717 2569 XXXII
732 2509 778 2570 20
813 2508 909 2568 Piscis
936 2507 1067 2574 marinos
1094 2506 1126 2565 in
1152 2522 1212 2565 usu
1312 2505 1313 2524 ¹

193 2599 285 2661 tuisse
308 2599 446 2677 protinus
465 2616 481 2658 a
499 2598 619 2659 condita
638 2597 730 2659 Roma
749 2605 853 2660 auctor
872 2603 918 2657 est
937 2595 1057 2656 Cassius
1075 2591 1212 2674 Hemina,

193 2690 280 2749 cuius
303 2686 397 2748 uerba
419 2686 456 2748 de
475 2705 509 2747 ea
529 2704 562 2747 re
581 2685 740 2749 subiciamz
763 2686 857 2752 Numa
876 2685 1040 2764 constituit,
1061 2690 1093 2742 ut
1111 2684 1211 2762 pisces

191 2779 246 2857 qui
269 2777 420 2856 squamosi
443 2794 504 2837 non
528 2783 637 2857 essent,
660 2777 692 2837 ni
715 2776 913 2857 pollucerent,
935 2772 1115 2852 parsimonia
1139 2788 1210 2831 oon·
1226 2793 1254 2834 aa

192 2875 326 2946 montus,
350 2874 384 2927 ut
412 2866 552 2927 conuiuia
575 2864 694 2945 publica
718 2873 748 2927 et
775 2867 891 2945 priuata
915 2877 1065 2941 cenaeque
1088 2860 1123 2921 ad
1147 2859 1212 2940 pul-

193 2957 309 3016 uinaria
328 2954 445 3016 facilius
463 2962 708 3035 conparareutnr,
722 2957 754 3015 ni
769 2956 821 3034 qui
835 2953 870 3014 ad
890 2950 1054 3030 poHuctum
1069 2956 1212 3030 emerent,

193 3047 290 3123 pretio
313 3046 413 3104 minus
437 3051 595 3122 parcerent
619 3061 712 3122 eaque
736 3047 1021 3122 praemeroarentur.

285 3127 368 3194 14*.
392 3132 531 3194 Moerob.
546 3139 602 3193 sat.
619 3134 640 3192 I
649 3133 700 3207 16,
714 3133 758 3193 33
780 3130 837 3192 Sed
853 3129 973 3191 Cassius
988 3127 1127 3188 Seruium
1142 3125 1212 3188 'l’ul-

188 3221 268 3284 ,lium
286 3223 392 3282 iecisse
411 3221 559 3282 nundinas
583 3220 663 3301 dicit,
687 3230 721 3282 ut
739 3223 769 3282 in
789 3217 950 3280 urbemex
969 3218 1050 3295 agris
1069 3218 1212 3277 conueni-
1227 3239 1256 3281 so

194 3317 262 3371 rent
285 3309 414 3372 urbanas
438 3312 625 3390 rusticasque
648 3328 698 3370 res
720 3309 895 3370 ordinaturi.
931 3303 984 3381 (cs.
1008 3304 1104 3366 Tudit.
1122 3303 1165 3380 fr.
1182 3305 1212 3366 2.

195 3400 289 3461 cotti.
310 3398 352 3476 fr.
369 3398 412 3474 1.)
438 3411 446 3416 “

286 3483 368 3549 lo*.
393 3489 481 3550 Seru.
511 3491 560 3550 ud.
585 3490 657 3549 Aeo.
677 3488 749 3548 XII
770 3485 837 3546 603
873 3482 992 3545 Cassius
1023 3479 1129 3542 limina
1161 3483 1212 3563 ait,

192 3576 391 3658 'Tarquinirun
401 3575 581 3657 Superbum,
591 3594 659 3637 cum
669 3571 937 3654 cloacaspopulum
947 3571 1044 3632 lacere
1055 3563 1222 3654 coegisset,

195 3674 225 3727 et
249 3667 287 3728 ob
311 3667 387 3729 hanc
411 3666 551 3726 iniuriam
570 3663 657 3726 multi
675 3683 706 3725 sc
729 3662 889 3743 suspendio
912 3667 1063 3741 necarent,
1087 3661 1212 3722 iussisse
1227 3682 1254 3725 aa
