2670 4058
11 388 15 402 .

465 229 694 287 aasumensi
712 235 827 285 a1-4e.
1088 225 1152 292 105

515 407 571 463 nx
593 406 720 463 caeno
740 406 779 462 vr
805 377 807 384 ’

228 518 287 586 39.
310 525 378 585 Lia.
393 521 461 584 XX
465 522 564 584 VIIII
569 521 650 598 25‚1
673 519 824 592 Quantum
837 519 964 581 militum
978 521 1010 580 in
1024 519 1154 582 Africam

138 613 173 692 [a
188 613 221 674 P.
237 609 393 692 Scipione]
409 617 644 691 transportatum
669 612 720 691 sit,
739 628 799 670 non
816 626 910 689 paruo
929 627 1055 670 numero
1074 608 1215 688 interi&

137 711 276 766 auctores
300 702 457 780 discrepat.
476 734 520 744 -
539 698 658 761 Coelius
681 706 715 760 ut
738 697 867 759 abstinet
889 715 1028 779 numero,
1052 700 1092 759 ita
1117 697 1153 758 ad
1162 698 1216 747 5⁶0

137 793 306 852 inmensum
333 788 534 852 multitudinis
553 791 683 868 speciem
704 796 806 866 auget:
828 787 968 849 uolucres
987 787 1023 848 ad
1042 795 1154 848 terram

139 879 274 958 delapsas
289 878 418 948 clamore
437 878 565 939 militum
584 879 637 958 ait,
656 884 828 956 tantamque
842 876 1064 937 multitudinem
1083 889 1178 937 con-e

140 967 292 1030 scendisse
316 985 423 1049 naues,
445 974 481 1028 ut
503 983 590 1027 nemo
616 965 786 1027 mortalium
814 966 918 1026 autin
942 965 1025 1025 ltalia
1048 967 1152 1025 autin

142 1055 242 1118 Sicilia
265 1057 397 1136 relinqui
421 1056 585 1118 uideretur.

207 1139 288 1209 4⁰²⁸.
299 1146 441 1207 LiaXX
445 1146 544 1207 VIIII
549 1144 651 1226 27,14
660 1143 838 1228 Prosperam
848 1145 1067 1222 nauigationem
1077 1141 1155 1220 [Sci-

136 1238 238 1313 pionis
254 1237 285 1296 ia
300 1232 454 1313 Africam]
471 1235 535 1294 sine
549 1241 666 1294 terrore
681 1251 715 1294 ac
737 1232 867 1293 tumultu
886 1232 978 1292 luisse
997 1231 1155 1310 permultis
1220 1231 1222 1238 ’

140 1321 262 1384 Graecis
276 1323 450 1402 Latinisque
466 1321 638 1384 auctoribus
651 1314 772 1382 credidi.
791 1321 909 1383 Coelius
923 1337 1010 1401 unus,
1022 1327 1153 1400 praeter·
1169 1337 1196 1376 1o

141 1429 229 1491 quam
241 1412 319 1492 quod
330 1429 391 1472 non
400 1428 514 1473 mersas
524 1409 665 1473 lluctibus
675 1427 774 1490 naves,
784 1419 901 1471 eeteros
911 1412 1008 1470 omnis
1018 1409 1155 1470 caelestis

140 1498 366 1581 maritimosque
395 1509 540 1582 terrorem
568 1508 719 1580 postremo
744 1498 896 1578 abreptam
919 1505 1096 1577 tempestate
1119 1496 1155 1558 ah'

140 1587 239 1650 Africa
266 1589 390 1650 classem
419 1589 455 1650 ad
483 1587 611 1650 insulam
638 1589 845 1669 Aegimurum,
877 1587 947 1649 inde
975 1605 1062 1667 aegre
1090 1604 1155 1648 cor·

140 1687 256 1740 rectum
280 1695 403 1740 cursum
426 1680 561 1759 exponit,
584 1685 615 1738 et
637 1694 730 1757 prope
753 1676 870 1738 obrutis
893 1676 1020 1738 nauibus
1038 1677 1155 1737 iniussu

139 1768 330 1845 imperatoris
359 1765 491 1848 scaphis,
518 1766 597 1827 haud
626 1784 713 1827 secus
740 1781 827 1848 quam
851 1764 1022 1847 naufragos,
1045 1765 1155 1826 milites
1170 1780 1195 1822 ιε

141 1858 205 1916 sine
229 1855 320 1917 armis
344 1873 412 1917 cum
436 1858 550 1935 ingenti
573 1855 704 1916 tumultu
728 1855 758 1916 in
782 1864 893 1916 terram
917 1856 1057 1915 euasisse.

229 1939 288 2006 41.
312 1946 388 2006 Noa.
403 1963 425 2007 s.
445 1964 474 2005 a.
494 1948 609 2006 metari
619 1963 651 2022 p
666 1944 732 2004 137
754 1940 873 2004 Coelius
896 1942 991 2004 annal.
1014 1941 1091 2003 libro
1105 1941 1155 2003 vl:

140 2030 251 2094 Omnes
275 2032 364 2094 simul
386 2042 498 2094 terram
522 2051 590 2095 cum
614 2029 703 2093 classi
730 2032 888 2113 accedunt,
915 2029 1043 2092 nauibus
1067 2041 1156 2111 atque

141 2119 259 2200 scaphis
283 2121 492 2202 egrediuntur,
516 2130 613 2183 castra
636 2123 740 2182 metati
763 2123 846 2200 signa
869 2127 1013 2182 statuunt

230 2205 315 2272 42⁸⁸.
339 2212 406 2272 Lia
421 2211 489 2272 XX
494 2211 594 2272 VIIII
602 2211 654 2286 35,
666 2211 688 2270 2
710 2209 791 2270 Duos
806 2210 910 2272 eodem
924 2211 1044 2270 nomine
1060 2175 1219 2286 [Hac-²⁰⁴
1165 2245 1219 2255 -

140 2297 241 2378 nonis]
266 2297 555 2379 Carthaginiensium
574 2299 666 2360 dtaees
685 2298 803 2361 duobus
822 2297 1012 2379 equestribus
1034 2296 1156 2377 proeliis
1184 2266 1220 2315 ⁶⁰

141 2385 199 2466 [ad
211 2389 374 2450 Salaecam
387 2387 506 2467 arbem]
525 2388 713 2468 interlectos,
731 2405 792 2448 non
806 2405 910 2448 omnes
925 2395 1075 2450 auctores
1078 2394 1156 2468 sunt,

138 2477 244 2557 ueriti,
272 2477 376 2558 credo,
404 2495 441 2538 ne
468 2476 584 2538 falleret
611 2475 658 2538 bis
686 2475 776 2538 relata
806 2474 908 2538 eadem
940 2493 998 2537 res.
1041 2474 1156 2538 Caelius

142 2565 263 2645 quidem
287 2573 317 2627 et
335 2565 470 2628 Valerius
494 2563 619 2644 [fr.27]
641 2573 761 2644 captum
784 2564 958 2626 Hannonem
981 2565 1111 2626 tradunt.

230 2649 289 2717 43.
314 2655 389 2717 Noa.
408 2675 431 2717 s.
450 2673 479 2717 a.
496 2657 625 2732 paucies
641 2673 671 2731 p.
686 2655 752 2714 157
780 2653 896 2716 Caelius
919 2652 1018 2715 annali
1040 2652 1090 2715 lib.
1104 2651 1155 2714 Vl:
1169 2662 1196 2704 2⁵
1267 2707 1269 2712 .

141 2740 285 2804 Consulto
308 2758 368 2805 non
391 2745 513 2823 paucies
536 2745 721 2805 arcessitum.

512 2877 569 2934 nx
586 2877 715 2934 nrnao
734 2876 788 2932 vu
801 2877 945 2950 mg.

230 2985 289 3054 44.
312 2995 389 3055 Non.
398 3011 421 3054 s.
429 3012 461 3054 a.
472 2996 698 3068 eonpeaaelare
703 3011 734 3070 p.
742 2990 786 3052 89
805 2989 922 3051 Coelius
933 2989 1028 3051 annali
1040 2988 1155 3052 lib.Vll:

139 3079 208 3159 lpse
226 3083 306 3161 regis
325 3084 443 3142 eminus
457 3099 533 3160 equo
552 3080 622 3142 ierit
641 3089 746 3160 pectus
766 3080 940 3159 aduersum,
961 3076 1158 3157 congenuclat

139 3165 313 3251 percussus,
336 3170 446 3231 deiecit
464 3170 625 3231 dominum.
658 3165 859 3252 (Syphacem,
878 3186 905 3229 a.
924 3167 1000 3229 203.
1022 3168 1097 3244 551,
1116 3167 1156 3244 cs.

140 3259 194 3320 Sil,
214 3260 283 3321 Ital.
301 3259 406 3321 XVII
414 3259 478 3321 134
492 3253 570 3342 sqq.)
1172 3276 1199 3318 eo

230 3342 290 3410 45.
314 3349 389 3410 Noa.
404 3365 426 3410 s.
441 3363 470 3410 a.
485 3350 613 3410 soluerit
621 3366 652 3425 p.
668 3347 735 3408 508
765 3345 883 3408 Coelius
907 3345 1005 3407 annali
1027 3344 1077 3408 lib.
1091 3343 1155 3406 Vll:

140 3435 221 3497 Duos
240 3444 271 3498 et
289 3436 476 3518 septuaginta
496 3436 610 3498 lictoris
629 3435 750 3497 domum
769 3435 974 3514 deportauisse
991 3435 1089 3514 lascis,
1104 3436 1156 3513 qul

140 3525 315 3588 ductoribus
348 3526 478 3588 hostium
506 3532 574 3587 ante
602 3524 749 3587 soluerint
776 3523 857 3585 ferri.
900 3518 954 3607 (cs.
974 3524 1040 3584 Lia.
1060 3522 1161 3584 XXX

139 3613 191 3692 28,
210 3616 228 3674 1
242 3611 319 3698 sqq.)
