2640 4052
452 242 682 300 FRAGMENTA
701 249 814 300 91-95.
1101 245 1144 311 59

118 393 233 474 bisque
254 391 430 473 suppliciter
448 411 502 473 pro
522 411 610 454 causa
630 411 684 454 sua
703 394 824 455 taurise
844 395 925 455 curia
941 403 1143 476 excesserunt,

119 484 294 544 sententiae
323 483 422 561 rogari
449 489 585 561 coeptae3
614 501 742 563 cumque
768 485 878 562 partim
906 491 1076 545 senatorum
1106 485 1143 545 de

118 569 348 632 Rhodiensibus
367 578 567 651 quererentur
585 571 721 652 maleque
744 573 889 632 animatos
912 590 964 633 eos
987 573 1079 634 tuisse
1099 573 1142 634 di-

118 668 230 722 cerent
253 659 424 739 bellumque
447 659 506 720 illis
529 660 697 722 faciendum
720 669 892 722 conserente
921 669 986 722 tum
1009 661 1046 722 Μ,
1070 661 1142 724 Cato

116 751 244 828 exurgit
258 757 288 810 et
302 751 430 829 optimos
448 748 668 830 fidissimosque
683 752 788 830 socios,
803 768 932 830 quorum
950 750 1057 830 opibus
1071 751 1169 812 diri-⁵

117 838 242 918 piendis
265 837 513 917 possidendisque
537 856 597 899 uon
620 841 708 918 pauci
732 857 769 899 ex
788 837 986 900 summatibus
1004 842 1080 901 uiris
1098 843 1142 901 in·

117 929 198 988 tenti
213 927 383 1006 infensique
398 934 492 1007 erant,
506 927 662 989 defensum
677 936 946 1006 conseruatumque
964 930 1064 1008 pergit
1078 947 1142 989 ora·

117 1018 296 1096 tionemque
311 1015 455 1077 inclutam
465 1016 545 1096 dicit,
556 1035 631 1096 quae
642 1025 673 1077 et
683 1034 818 1078 seorsum
832 1017 929 1078 fertur
938 1018 1142 1097 inscriptaque

119 1112 170 1166 est
192 1123 249 1184 pro
273 1102 495 1166 Rhodiensibus
523 1113 553 1166 et
582 1107 613 1167 in
636 1108 757 1184 quintae
782 1107 906 1184 originis
928 1104 1004 1165 libro
1029 1108 1149 1186 scripta¹

91 1229 93 1238 ι
118 1201 178 1255 est.
200 1225 237 1236 -
260 1192 363 1273 lpsum
386 1193 494 1254 deinde
516 1195 699 1273 principium
722 1196 861 1274 apposuit
885 1192 996 1272 [Iullus
1018 1195 1089 1256 Tiro
1108 1199 1139 1256 to
1155 1210 1181 1250 ιο

117 1287 252 1360 epistula
271 1286 316 1344 od
337 1285 369 1356 Q.
388 1281 528 1363 Aratum,
547 1286 634 1344 cuius
652 1283 745 1345 uerba
763 1283 836 1345 haec
855 1290 934 1344 sunt.
958 1278 1012 1365 (cf.
1032 1284 1140 1345 Liuius

117 1371 255 1433 XXXX
262 1371 349 1446 V25,
364 1372 383 1431 1
407 1370 578 1432 Secundum
596 1371 686 1433 talem
700 1374 864 1433 oraticnem
878 1373 1015 1433 uniuersi
1033 1390 1140 1434 rursus

116 1461 318 1541 prociderunt
341 1478 500 1539 ramosque
519 1460 601 1522 oleae
619 1460 770 1540 supplices
789 1463 933 1523 iactantes
951 1461 1071 1522 tandem
1090 1480 1139 1522 ex-

117 1551 205 1611 citati
219 1550 303 1610 curia
317 1559 520 1610 excesserunt.
543 1557 615 1611 tunc
630 1552 795 1611 sententiae
813 1551 993 1628 interrogari
1007 1558 1137 1630 coeptae.

117 1638 309 1700 infestissimi
331 1637 456 1699 Rhodiis
479 1646 564 1699 eraut
583 1641 635 1718 qui
659 1638 796 1700 consules
815 1646 1008 1718 praetoresue
1027 1649 1088 1702 aut.
1097 1639 1136 1699 le·
1152 1653 1177 1694 u

117 1729 182 1808 gati
195 1734 352 1806 gesserant
365 1729 396 1787 in
407 1725 579 1788 Macedonia
592 1726 712 1788 bellum.
726 1727 889 1807 plurimum
903 1745 1023 1788 causam
1034 1745 1138 1789 eorum

116 1817 236 1878 adiuuit
253 1815 291 1877 Μ.
310 1815 436 1877 Porcius
455 1815 536 1896 Cato,
561 1819 612 1896 qui
631 1835 719 1895 asper
737 1818 866 1897 ingenio,
885 1823 949 1877 tum
968 1816 1065 1878 lenem
1083 1819 1137 1877 mi-

116 1914 241 1985 temque
263 1913 434 1966 senatorem
457 1907 525 1982 egit.
554 1923 614 1966 non
637 1907 767 1965 inseram
791 1904 983 1966 simulacrum
1006 1907 1066 1966 uiri
1089 1924 1137 1966 co-

117 1996 203 2074 piose
228 2011 304 2074 quae
328 1994 438 2054 dixerit
461 1993 632 2073 relerendo;
660 1995 755 2073 ipsius
778 1995 873 2054 oratio
897 1995 1007 2072 scriptu
1031 2002 1136 2073 exstat,

96 2084 270 2162 ,originum
295 2084 399 2162 quinto
423 2081 499 2142 libro
522 2077 660 2163 inclusa.)
726 2119 737 2134 κ
1150 2100 1177 2140 so

209 2225 237 2268 c.
276 2205 345 2268 Scio
374 2206 469 2267 solere
497 2205 648 2286 plerisque
676 2205 847 2267 bominibus
876 2205 967 2267 rebus
998 2205 1137 2267 secundis

117 2304 207 2376 atque
222 2295 347 2376 prolixis
357 2303 446 2375 atque
460 2297 614 2375 prosperis
628 2297 759 2356 animum
770 2294 916 2356 excellere
930 2302 1019 2374 atque
1035 2313 1139 2374 super-¹

117 2385 197 2446 biam
222 2391 311 2464 atque
335 2384 476 2445 ferociam
500 2401 660 2463 augescere
680 2391 768 2462 atque
788 2403 934 2445 crescere.
965 2383 1044 2463 quod
1063 2384 1137 2444 mibi

13 2529 15 2534 .
117 2492 199 2536 nunc
223 2491 346 2552 magnae
369 2491 459 2534 curae
482 2481 537 2553 est,
561 2473 640 2553 quod
663 2472 737 2534 baec
760 2492 809 2534 res
832 2483 891 2534 tam
916 2473 1046 2534 secunde
1068 2491 1137 2553 pro-

117 2565 219 2644 cessit,
238 2581 276 2623 ne
295 2562 367 2641 quid
387 2563 418 2622 in
438 2561 620 2623 consulendo
641 2562 763 2622 aduersi
776 2565 903 2642 eueniat,
919 2562 998 2640 quod
1017 2569 1135 2623 nostras
1149 2578 1176 2620 m

120 2651 266 2712 secundas
290 2669 339 2711 res
363 2650 511 2730 confutet,
540 2668 617 2711 neue
640 2651 714 2712 baec
737 2650 849 2712 laetitia
871 2653 960 2711 nimis
983 2650 1136 2712 luxuriose

119 2741 247 2802 eueniat,
284 2739 428 2800 aduersae
451 2757 501 2800 res
525 2737 664 2800 edomant
686 2747 716 2800 et
740 2739 861 2820 docent,
886 2739 957 2820 quid
981 2757 1055 2818 opus
1080 2741 1136 2799 siet

119 2831 205 2891 Iacto.
243 2828 392 2890 secundae
416 2846 465 2888 res
488 2827 599 2889 laetitia
621 2836 830 2890 transuersum
853 2828 976 2889 trudere
1000 2827 1097 2889 solent
1119 2845 1136 2887 a

119 2925 200 2979 recte
215 2916 398 2979 consulendo
414 2924 503 2997 atque
517 2916 724 2996 intellegendo.
749 2936 807 2996 quo
827 2919 939 2978 maiore
958 2934 1048 2995 opere
1068 2916 1134 2976 dico

119 3007 305 3086 suadeoque,
332 3007 377 3066 uti
399 3005 471 3067 baec
496 3024 545 3066 res
569 3005 681 3085 aliquot
705 3006 768 3066 dies
795 3006 977 3087 proferatur,
1005 3005 1076 3066 dum
1099 3023 1136 3065 ex
1149 3024 1177 3066 m

119 3103 201 3157 tanto
224 3093 332 3174 gaudio
351 3096 382 3154 iu
401 3101 579 3173 potestatem
598 3102 729 3155 nostram
748 3095 913 3156 redeamus.
924 3087 983 3178 (=
993 3095 1083 3155 XIII
1092 3093 1135 3153 25

119 3185 200 3260 (24),
219 3185 260 3245 13
286 3183 362 3244 ltem
385 3182 421 3243 bl.
444 3182 515 3244 Cato
538 3185 569 3243 in
594 3185 736 3244 orationis
759 3185 920 3263 principio,
949 3201 1037 3261 quam
1061 3183 1136 3243 dixit

120 3276 151 3335 in
169 3280 274 3334 senatu
294 3291 349 3352 pro
364 3270 593 3352 Rhodiensibus,
608 3290 676 3334 cum
696 3271 787 3333 uellet
800 3291 849 3332 res
869 3273 957 3332 nimis
976 3289 1135 3352 prosperas

120 3362 228 3443 dicere,
251 3360 349 3422 tribus
372 3357 528 3422 uocabulis
551 3361 630 3422 idem
654 3361 851 3422 sentientibus
875 3360 958 3421 dixit.
980 3358 1135 3420 -Verba

121 3453 184 3512 eius
207 3450 280 3511 baec
305 3457 388 3511 sunt:
413 3445 494 3510 ‘Scio
511 3479 548 3492 -
566 3445 746 3528 augescere'.
764 3483 802 3492 -
819 3449 859 3526 cf.
878 3451 961 3511 ans.
985 3453 1069 3526 eptst.
1093 3451 1138 3509 od
1149 3467 1176 3510 es

121 3541 222 3600 From.
248 3540 288 3600 II
305 3540 347 3600 13
365 3557 396 3616 p.
411 3539 458 3599 36
482 3541 516 3600 N.
551 3537 624 3599 Nam
651 3540 705 3599 uni
732 3538 769 3600 bl.
792 3539 899 3600 Porcio
927 3556 975 3598 me
998 3537 1136 3598 dedicaui

121 3635 207 3708 atque
233 3627 378 3707 despondi
406 3636 494 3707 atque
518 3627 661 3707 delegaui.
698 3627 756 3689 boc
783 3629 872 3688 etiam
899 3627 999 3706 ipsum
1022 3619 1134 3703 ‘atque'
