2640 4052
349 269 354 278 ι
457 189 718 248 FRAGMENTVM
736 191 777 249 ω.
1084 196 1127 261 15

107 343 170 403 τῶν
192 341 315 421 βρεφῶν
336 333 392 420 τὴν
415 331 537 419 σκάφην
559 334 720 423 άναλαβῶν
738 337 840 424 ὀλίγον
858 338 981 426 ὕστερον
1004 342 1127 407 ἐδίωκεν
1148 377 1151 382 ·
1177 357 1182 368 “

109 439 152 513 είς
173 432 230 520 τὴν
250 433 348 501 πόλιν.
389 433 580 520 διερχόμενον
604 431 633 499 δ’
654 432 745 501 αύτὸν
765 433 818 514 τάς
835 435 932 516 πύλας
949 443 1127 523 ταραχωδῶς

107 530 191 600 πάνυ
213 535 265 598 καλ
286 529 359 618 περί
374 539 487 599 πολλοῦ
513 531 694 618 ποιούμενον
721 536 828 618 μηδενί
849 541 974 620 πονῆσαι
994 561 1126 619 καταφα-

108 632 159 710 νὲς
179 629 212 698 τὸ
235 630 404 717 φερόμενον
423 638 485 698 τῶν
507 630 652 715 φυλάκων
670 659 713 710 τις
730 632 916 717 καταμαθών
937 627 992 718 (ἦν
1015 633 1049 698 δὲ
1070 658 1126 700 πο-

107 734 217 815 λεμίων
239 729 355 814 ἐφόδου
377 731 446 808 δέος
467 731 518 795 καὶ
539 728 592 808 τὰς
613 728 709 809 πύλας
727 736 760 797 οί
774 727 898 815 μάλιστα
919 729 1152 815 πιστευόμενοιε

106 827 183 916 πρὸς
204 837 257 896 τού
280 830 423 913 βασιλέως
445 826 628 915 ἐφρούρουν)
652 828 850 915 συλλαμβάνει
875 855 905 896 τε
926 832 978 896 καί
998 828 1032 896 τὸ
1054 856 1125 914 κρυ·

106 926 182 995 πτδν
200 926 259 993 ότι
276 925 382 1012 δήποτ’
397 920 438 1012 ἦν
454 935 639 1011 καταμαθεῖν
656 925 763 1010 άξιῶν,
782 925 983 995 ἀποκαλύπτει
1000 931 1053 1016 βίᾳ
1070 926 1126 1012 τὴν

106 1024 276 1112 περιβολήν.
318 1024 359 1105 ὥς
381 1024 492 1110 δὲτὴν
514 1025 636 1110 σκάφην
658 1022 802 1095 ἐθεάσατο
821 1025 941 1094 καὶτὸν
958 1026 1126 1111 ἄνθρωπον

107 1126 221 1208 ἔμαθεν
242 1123 466 1210 ύπορούμενον,
487 1123 574 1209 ἠξίου
597 1126 692 1211 λέγειν
717 1130 760 1204 τίς
786 1123 806 1211 ἡ
833 1124 944 1213 ταραχὴ
968 1126 1019 1191 καί
1040 1128 1071 1190 τί
1089 1123 1123 1190 τδ

107 1220 244 1308 βούλημα
266 1231 319 1290 τοῦ
342 1221 383 1308 μη
407 1229 544 1308 φανερῶς
571 1225 717 1310 εἰσφέρειν
739 1231 844 1302 σκεῦος
866 1223 957 1291 ούδλν
980 1221 1124 1307 δεόμενον
1137 1253 1165 1293 ιο

107 1317 278 1406 εἰτιορρόεου
300 1329 406 1408 φορᾶς.
447 1323 480 1387 ἐν
502 1322 536 1387 δὲ
558 1319 652 1408 τούτῳ
672 1327 792 1402 πλείους
809 1330 870 1390 τῶν
888 1321 1033 1406 φυλάκων
1052 1343 1122 1388 συν-

107 1420 225 1505 έρρεον,
242 1425 295 1486 καί
308 1447 353 1499 τις
371 1418 471 1487 αὐτῶν
488 1424 622 1506 γνωρίζει
639 1418 694 1504 τὴν
711 1416 848 1504 σκάφην,
866 1419 956 1499 αύτδς
974 1422 1007 1486 ἐν
1025 1420 1123 1506 ἐκείνη

106 1515 143 1584 τά
168 1521 275 1584 παιδία
296 1522 420 1602 κομίσας
443 1518 492 1583 ἐπί
513 1515 565 1584 τὸν
588 1516 735 1601 ποταμὸν,
757 1520 808 1584 καὶ
830 1517 936 1603 φράζει
956 1516 1032 1603 πρὸς
1053 1513 1124 1594 τούς

106 1615 264 1701 παρόντας.
311 1621 343 1683 οί
367 1617 400 1682 δὲ
427 1614 621 1701 συλλαβόντες
648 1614 700 1684 τόν
728 1616 895 1683 Φαιστύλον
921 1616 1047 1703 ύγουσιν
1073 1613 1121 1680 ἐπ’

107 1712 200 1781 αύτδν
225 1713 278 1782 τόν
307 1715 428 1798 βασιλέα
454 1715 505 1780 καί
532 1719 704 1801 διηγοῦνται
731 1713 767 1780 τά
793 1713 947 1800 γενόμενα.
988 1710 1124 1796 ’Λμόλιος
1137 1741 1163 1783 15

107 1814 141 1879 δὲ
159 1811 265 1903 ἀπειλῇ
283 1813 427 1898 βασάνων
444 1812 705 1898 καταπληξάμενος
721 1811 773 1880 τὸν
792 1813 969 1899 άνθρωπον,
987 1809 1065 1896 εἰμὴ
1080 1811 1124 1877 λί-

107 1917 151 1990 ξει
168 1910 220 1989 τὰς
238 1911 383 1994 ἀληθείας
401 1910 488 1993 ἕκοίν,
505 1920 623 1994 πρῶτον
641 1912 695 1995 μὲν
714 1915 740 1977 εί
757 1916 846 1989 ζῶσιν
864 1916 897 1980 οί
906 1915 1011 1988 παῖδες
1022 1910 1122 1994 ἤρετο·

108 2007 150 2088 ὥς
172 2010 204 2075 δὲ
227 2008 306 2076 τοῦτ’
330 2012 435 2093 ἔμαθε,
457 2017 509 2093 τῆς
527 2014 672 2095 σωτηρίας
689 2007 790 2087 αύτοῖς
807 2008 886 2087 ὅστις
904 2006 921 2076 ὃ
939 2008 1047 2092 τρόπος
1064 2008 1124 2093 ἐγέ-

105 2125 184 2174 νετο
209 2108 428 2192 διηγησαμένου
447 2107 481 2172 δὲ
498 2105 591 2175 αύτοῦ
608 2108 707 2174 πάντα
729 2105 769 2185 ῶς
786 2106 922 2193 ἐπράχθη
946 2106 1034 2192 ε”Λγε
1056 2105 1123 2196 δῶχ’,

106 2207 201 2289 φησίν
224 2202 241 2272 δ
263 2204 415 2290 βασιλεύς,
438 2203 557 2288 <ἐπειδὴ
579 2214 671 2272 ταῦτα
693 2205 862 2291 άληθεύσας
882 2209 972 2292 ἔχεις,
995 2203 1123 2290 φράσον,
1136 2233 1163 2276 εο

106 2303 185 2370 ὅπου
207 2311 267 2370 νῦν
289 2301 329 2369 άν
351 2302 512 2389 εὑρεθεῖεν.
553 2302 590 2370 ού
607 2303 665 2390 γάρ
683 2308 724 2370 ἔτι
743 2308 854 2382 δίκαιοί
869 2308 944 2370 εἰσιν
961 2306 995 2369 ἐν
1013 2300 1123 2388 βουκό-

106 2410 169 2479 λοις
190 2403 242 2467 καλ
264 2399 362 2490 ἆδόξφ
391 2405 447 2490 βίω
475 2405 529 2485 ζῆν
559 2404 657 2488 ἔμοιγε
679 2403 762 2483 ὄντες
784 2412 949 2489 συγγενεῖς,
971 2401 1067 2479 άλλως
1089 2400 1122 2465 δὲ

105 2501 157 2564 καί
177 2507 262 2566 θεῶν
284 2505 411 2588 προνοίᾳ
434 2499 620 2584 σωζόμενοι’.
664 2498 706 2589 (ο.
729 2498 787 2588 83)
818 2496 983 2578 Φαιστύλος
1010 2499 1044 2565 δὲ
1070 2505 1123 2581 τῆς

105 2595 218 2684 άλύγου
239 2594 404 2682 πραότητος
425 2594 545 2686 ύποψίμ
562 2602 698 2682 κινηθείς
715 2598 755 2684 μὴ
774 2609 900 2684 φρονεῖν
917 2596 1010 2665 αὐτόν
1033 2596 1122 2680 ὅμοια

104 2704 165 2774 τοῖς
186 2694 286 2789 λόγοις
312 2695 501 2781 άποκρίνεται
524 2689 595 2762 ῶδε·
628 2697 682 2763 ‘05
703 2698 758 2782 μὲν
780 2698 885 2775 παῖδές
908 2701 983 2763 εἰσιν
1005 2696 1038 2760 ἕν
1059 2703 1121 2772 τοῖς
1134 2721 1161 2764 εο

104 2791 184 2878 ὄρεσι
207 2791 435 2878 βουκολοῦντες,
457 2794 549 2880 ὅσπερ
576 2797 698 2862 ἐκείνων
720 2800 800 2880 βίος,
823 2794 880 2881 ἒγῶ
904 2793 932 2860 δ’
958 2793 1122 2876 ἐπέμφθην

104 2889 175 2974 παρ’
190 2890 291 2958 αὐτῶν
309 2899 344 2983 τῇ
363 2895 449 2978 μητρί
468 2889 613 2975 δηλύσων
629 2896 664 2959 ἐν
686 2891 733 2971 αἷς
751 2896 806 2958 είσι
823 2890 937 2977 τύχαις·
959 2888 1069 2973 ταύτην
1088 2890 1121 2954 δὲ

103 2985 186 3074 παρά
208 3011 257 3056 σοι
280 2990 481 3073 φυλάττεσθαι
499 2990 620 3058 ύκούων
641 2990 802 3075 δεήσεσθαι
819 2996 871 3073 τῆς
892 2989 949 3072 σῆς
969 2986 1121 3074 θυγατρὸς

103 3089 238 3170 ἔμελλον,
257 3092 308 3154 ῖνα
325 3115 361 3173 με
378 3087 454 3172 πρὸς
472 3087 567 3172 αύτὴν
584 3087 700 3176 άγάγοι
737 3085 793 3172 τὴν
811 3088 845 3154 δὲ
862 3085 984 3172 σκάφην
1000 3089 1120 3171 ἔφερον,

103 3183 143 3250 ἵν’
169 3187 226 3272 ἔχει
249 3185 404 3253 δεικνύναι
424 3187 580 3272 τεκμήριον
603 3187 734 3272 ἐμφανὲς
756 3186 817 3272 ἅμα
834 3195 896 3265 τοῖς
913 3184 1021 3272 λόγοις.
1061 3191 1120 3250 νύν
1133 3214 1167 3256 εο-

104 3276 162 3350 ούν
180 3285 243 3350 ἐπεί
260 3286 401 3351 δέδοκταί
416 3307 463 3352 σοι
484 3284 555 3364 τοὺς
577 3290 752 3363 νεανίσκους
769 3289 858 3371 δεῦρο
876 3289 1009 3369 κομίσαι,
1027 3288 1118 3369 χαίρω

102 3407 134 3446 τε
148 3385 208 3448 καί
233 3384 356 3467 πέμψον
383 3378 521 3462 ούστινας
548 3382 649 3468 βούλει
676 3382 733 3450 σύν
760 3385 833 3469 ἕμολ
877 3388 962 3462 δείξω
985 3384 1040 3468 μίν
1063 3375 1119 3448 οὖν

103 3489 165 3558 τοῖς
187 3482 316 3548 δλθούσι
343 3480 412 3560 τούς
437 3486 562 3564 παῖδας,
590 3480 738 3566 φράσουσι
767 3481 796 3547 δ’
826 3481 927 3560 αὐτοῖς
954 3483 1062 3548 ἐκεῖνοι
1083 3484 1118 3546 τὰ

102 3575 186 3662 πυρά
208 3577 284 3646 σου.’
355 3607 359 3620 ·
