2620 4054
192 217 259 284 304
459 216 504 272 TI.
524 215 704 273 CLAVDIVS
723 215 932 273 BALBILLVS.

191 385 288 446 neque
315 367 415 428 minus
447 366 610 428 deformem
641 365 720 426 illam
757 365 935 445 fugientium
967 366 1204 449 trepidationem,
1307 359 1308 442 ζ

192 473 279 535 qnam
303 457 329 516 si
352 462 435 534 terga
457 455 489 516 in
512 456 575 516 acie
598 455 768 516 uertissent.
1307 461 1308 466 ’

280 539 340 606 3*.
369 546 446 605 Ptin.
465 563 494 605 n.
514 547 542 605 It.
569 543 652 605 1⁷83
698 543 801 605 Oritur
829 541 1030 622 [Euphrates]
1060 544 1093 604 in
1120 563 1204 623 prae·

190 632 305 695 iectura
327 631 484 694 Armeniae
507 633 628 694 maioris
652 630 833 714 Caranitide,
860 641 894 694 ut
916 630 1075 713 prodidere
1098 635 1205 715 exiis,
1307 659 1308 676 κ

190 723 242 802 qni
264 723 398 802 proxime
423 720 569 802 uiderant,
591 718 738 783 Domitius
762 720 890 783 Corbulo
913 722 945 782 in
968 729 1067 783 monte
1091 721 1160 802 Aga.
1219 744 1232 786 s

279 804 339 873 4¹⁸.
364 811 441 872 Ptin.
456 829 484 870 rt.
499 811 527 872 Is.
549 809 595 870 VI
604 809 647 870 23
683 809 806 871 Peracta
826 818 872 872 est
890 811 1017 873 interior
1040 828 1091 872 ora
1115 829 1131 872 a
1152 809 1204 872 Cio

191 917 277 960 amne
301 916 463 978 omnesque
482 898 608 979 accolae,
627 916 707 959 nuuc
725 896 869 960 reddatur
886 900 993 978 iugens
1015 900 1047 960 in
1065 899 1205 961 mediter·

191 1005 281 1048 rauco
310 989 407 1068 sinus,
435 989 466 1048 iu
494 1005 554 1066 quo
582 987 675 1049 multa
703 987 789 1048 aliter
816 1006 850 1050 ac
872 997 993 1051 ueteres
1015 987 1206 1068 proditurum

190 1094 238 1138 me
262 1094 321 1137 non
345 1095 380 1137 eo
403 1076 522 1156 infitias,
545 1078 631 1137 anxia
654 1077 818 1156 perquisita
846 1094 918 1137 cura
941 1075 1032 1138 rebus
1055 1094 1152 1157 nuper
1174 1080 1206 1139 in

191 1183 226 1225 eo
250 1167 310 1227 situ
334 1166 425 1244 gestis
449 1183 465 1225 a
484 1164 612 1225 Domitio
631 1163 800 1225 Corbulone
818 1164 999 1244 regibusque
1017 1165 1087 1226 inde
1106 1167 1206 1227 missis
1220 1190 1246 1229 ιο

192 1252 377 1334 supplicibus
400 1263 452 1315 aut
473 1270 578 1332 regum
600 1251 703 1314 liberis
727 1251 890 1315 obsidibus.
931 1254 1084 1315 ordiemur
1107 1262 1207 1315 autem

192 1359 208 1402 a
228 1341 435 1422 Cappadocum
454 1349 551 1421 geute.
568 1374 606 1385 -
622 1375 668 1384 -
682 1376 724 1384 —
745 1336 818 1426 (39)
836 1341 862 1403 A
877 1342 952 1422 Cyro
967 1342 1106 1423 Caspium
1124 1360 1206 1404 mare

194 1432 297 1492 uocari
323 1431 437 1510 incipit.
478 1429 616 1492 accolunt
643 1429 739 1510 Caspi.
785 1430 986 1510 Corrigendus
1013 1439 1060 1493 est
1086 1433 1118 1492 in
1149 1432 1206 1492 hoc

193 1518 259 1581 loco
283 1536 368 1582 error
391 1518 567 1600 multorum,
591 1521 680 1582 etiam
699 1522 752 1600 qui
774 1521 805 1581 in
829 1520 968 1581 Armenia
995 1537 1045 1582 res
1062 1537 1207 1600 proxume
1306 1571 1309 1606 ,

194 1625 264 1668 cum
291 1606 459 1668 Corbulone
486 1624 614 1687 gessere.
667 1627 795 1690 namque
822 1608 853 1669 hi
876 1607 996 1688 Caspias
1020 1608 1207 1689 appellauere
1222 1632 1248 1674 1s

195 1703 297 1774 portas
320 1695 472 1777 Hiberiae,
500 1714 574 1776 quas
597 1696 754 1760 Caucasias
776 1697 905 1760 diximus
928 1698 1043 1777 uocari,
1071 1699 1207 1777 situsque

195 1785 307 1864 depicti
337 1794 366 1846 et
392 1784 463 1846 inde
486 1787 570 1847 missi
597 1785 654 1848 hoc
678 1805 787 1848 nomen
812 1786 990 1866 inscriptum
1012 1784 1130 1848 habent.
1177 1796 1208 1847 et

194 1872 321 1936 Neronis
348 1875 493 1954 principis
524 1877 713 1936 comminatio
742 1875 778 1936 ad
806 1873 926 1953 Caspias
954 1883 1056 1955 portas
1083 1874 1207 1937 tendere

195 1961 358 2043 dicebatur,
373 1981 442 2025 cum
459 1972 575 2043 peteret
593 1962 667 2044 illas,
686 1981 762 2044 quae
780 1980 835 2042 per
847 1962 1000 2026 Hiberiam
1014 1966 1046 2026 ln
1061 1959 1208 2025 Sarmatas

194 2051 330 2132 tendunt,
353 2053 404 2113 nix
418 2052 478 2113 ullo
492 2061 616 2131 propter
630 2055 781 2133 oppositos
795 2055 906 2114 montis
919 2051 1002 2113 aditu
1018 2054 1054 2114 ad
1069 2051 1208 2132 Caspium
1222 2049 1248 2116 so

194 2157 284 2201 mare.
324 2148 395 2202 sunt
426 2148 525 2202 autem
552 2141 625 2202 aliae
653 2141 767 2220 Caspiis
795 2140 933 2221 gentibus
964 2143 1096 2222 iunctae,
1128 2141 1207 2221 quod

195 2229 310 2290 dinosci
329 2247 389 2289 non
411 2237 510 2308 potest
533 2232 592 2291 nisi
614 2233 756 2292 comitatu
779 2247 881 2291 rerum
899 2228 1057 2291 Alexandri
1074 2227 1181 2308 Magni.

363 2409 427 2495 ³1¹1.
460 2409 716 2498 CLAVDIVS
747 2408 1039 2497 BALBILLVS

593 2556 818 2614 TESTIMONIA

163 2662 196 2729 l.
224 2670 293 2732 Tac.
315 2687 385 2732 cna.
408 2673 498 2733 XIII
514 2672 557 2732 22
579 2671 620 2750 [α.
642 2672 694 2731 55.
708 2669 996 2752 808]-Aegyptus
1019 2671 1063 2733 Ti.
1086 2669 1208 2733 Balbillo

195 2760 420 2910 Ξῗέιξῐῑὲἓῑυτ.
434 2761 474 2838 cs.
486 2761 562 2822 Ptin.
572 2780 601 2822 re
612 2760 687 2822 nx
691 2761 791 2821 VIIII
799 2761 829 2822 3.
857 2762 887 2823 0.
903 2762 979 2822 I-G.
990 2760 1088 2824 4699.
1108 2760 1208 2822 4730.
1224 2871 1250 2912 ’ὅ

287 2895 296 2930 ,
360 2895 366 2909 .

370 2943 761 3018 (counnnranlonvma)
780 2947 1041 3004 FRAGMENTVM

288 3055 321 3122 l.
345 3060 449 3121 Senes.
468 3066 530 3121 act.
551 3069 666 3136 quaest.
687 3061 805 3136 IIII2,
825 3063 865 3122 13
901 3060 1051 3142 Balbillus,
1075 3064 1210 3122 uirorum

198 3149 327 3229 optimus
349 3148 561 3228 proiectusque
585 3151 617 3209 in
640 3150 721 3210 omni
743 3149 908 3212 litterarum
928 3167 1037 3230 genere
1056 3151 1209 3230 rarissimi,

198 3243 383 3318 auctorest,
407 3235 562 3317 cumipse
586 3239 754 3318 praelectus
779 3238 928 3301 obtineret
950 3238 1129 3319 Aegyptum,
1153 3237 1209 3299 He-

198 3325 356 3387 racleotico
380 3327 456 3388 ostio
479 3325 552 3408 Nili,
580 3328 658 3408 qnod
688 3337 733 3389 est
756 3329 930 3408 maximum,
960 3326 1128 3407 spectaculo
1153 3325 1211 3388 sibi

198 3415 290 3475 fuisse
314 3413 521 3493 delphinorum
545 3435 561 3476 a
584 3419 659 3478 mari
678 3419 920 3478 concurrentium
945 3423 975 3476 et
993 3415 1211 3477 crocodilorum
1224 3440 1251 3481 so

198 3519 214 3561 a
238 3500 359 3563 flumine
383 3502 541 3565 aduersum
570 3523 675 3584 agmen
699 3507 849 3584 agentium
880 3504 962 3566 uelut
992 3523 1047 3584 pro
1075 3504 1210 3584 partibus

198 3590 353 3669 proelium⁴
372 3591 537 3654 crocodilos
548 3591 583 3653 ab
594 3592 769 3655 animalibus
778 3592 901 3674 placidis
913 3612 1072 3674 morsuque
1082 3595 1210 3656 innoxiis
