2638 4056
172 195 237 262 228
459 195 495 251 Μ.
515 194 691 250 numanum
708 191 896 251 VARRONIS

175 347 315 425 didisset,
338 345 506 407 transeunti
533 362 588 424 per
611 341 775 405 Calabriam
797 342 1045 404 Aeneaeoilerre
1068 350 1190 404 conatus

175 443 228 497 est
253 435 305 496 sed
330 452 398 495 cum
422 451 454 494 se
477 432 526 494 ille
549 432 648 495 uelato
671 435 767 511 capite
792 432 962 494 sacrificans
985 433 1190 507 conuertisset,

174 523 286 586 Nautes
310 524 430 603 quidam
454 524 569 601 accepit
597 519 803 583 simulacrum:
832 520 910 582 unde
933 520 1086 582 Mineruae
1111 539 1191 583 sacra

174 631 235 674 non
257 611 331 674 ltrlia
354 629 427 691 gens
450 610 562 691 habuit,
586 611 638 672 sed
661 610 846 671 Nautiorum.

339 782 388 837 DE
408 780 531 837 GENTE
550 781 685 838 POPVLI
702 779 847 836 ROMANI
865 780 965 837 LIBRI
982 781 1036 836 ΠΙΙ

556 886 816 944 TESTIMONIVM

141 998 174 1067 1.
197 1003 323 1079 Audeat.
305 1005 377 1064 tde
396 1007 455 1064 eiu.
472 1005 499 1064 d.
514 1003 636 1063 XVIII
646 1002 667 1062 2
689 1000 785 1062 Ninus
804 1019 874 1080 ergo
894 1003 953 1062 iam
972 1000 1122 1062 secundus
1141 1016 1220 1060 reno

176 1099 240 1153 erat
253 1090 453 1172 Assyriorum,
474 1093 526 1172 qui
544 1093 623 1171 patri
642 1109 696 1152 suo
715 1089 785 1151 Belo
806 1098 992 1152 successerat
991 1108 1101 1170 ,regni
1091 1088 1193 1150 illins

175 1183 272 1260 primo
287 1183 359 1261 regi,
374 1180 514 1259 quando
506 1197 538 1240 rn
551 1187 632 1241 terra
648 1178 863 1256 Chaldaeorum
878 1184 966 1240 natus
982 1187 1027 1248 est
1038 1178 1192 1240 Abraham.

175 1269 248 1330 Erat
274 1271 354 1330 enim
387 1277 522 1348 tempore
555 1267 605 1329 Illo
638 1286 765 1348 regnum
798 1257 1005 1348 Sicyoniorum
1037 1267 1195 1329 admodum

174 1376 311 1439 paruum,
330 1376 346 1418 a
370 1376 429 1437 qno
452 1357 502 1418 ille
526 1357 735 1436 undecumque
755 1356 945 1418 doctissimus
964 1355 1083 1418 Marcus
1101 1356 1193 1418 Varro

175 1446 310 1508 scribens
333 1446 371 1507 de
394 1453 481 1525 gente
505 1445 608 1525 populi
631 1445 769 1526 Romam,
793 1443 876 1507 uelut
904 1448 1026 1526 antiquo
1050 1453 1193 1526 tempore,
1208 1461 1236 1500 10

176 1553 300 1596 exorsus
328 1542 383 1595 est.
420 1533 456 1595 ab
482 1533 530 1595 his
559 1537 638 1595 enim
662 1533 869 1614 Sicyoniorum
897 1534 1018 1632 regibus
1046 1536 1083 1596 ad
1106 1534 1195 1596 Athe·

176 1625 295 1684 nienses
327 1625 479 1703 peruenit,
512 1641 528 1683 a
562 1622 670 1709 quihus
703 1622 739 1684 ad
771 1611 914 1705 Latinos,
936 1624 1006 1685 iude
1038 1623 1196 1686 Romanos.

176 1743 218 1754 —
248 1711 307 1772 Sed
340 1713 479 1790 quoniam
511 1730 560 1774 res
593 1711 722 1774 Graecae
759 1711 852 1774 multo
885 1721 955 1774 sunt
987 1712 1075 1774 nobis
1107 1731 1196 1794 qnam

175 1801 313 1881 Assyriae
336 1802 478 1881 notiores,
503 1810 532 1863 et
554 1819 618 1905 per
628 1800 757 1862 Graecos
782 1801 819 1862 ad
838 1800 960 1863 Latinos
979 1820 1013 1862 ac
1032 1802 1139 1863 deinde
1158 1801 1196 1862 ad

175 1889 337 1971 Romanos,
365 1892 417 1968 qni
445 1891 534 1952 etiam
561 1892 620 1969 Ipsi
647 1889 745 1951 LatIni
775 1898 859 1972 sunt,
887 1899 1057 1996 temporum
1084 1893 1238 1952 seriem1⁵
1303 1857 1305 1950 ι

175 1977 365 2040 deduxerunt
393 1981 445 2058 qui
472 1987 592 2058 gentem
625 1979 728 2058 populi
754 1978 919 2041 Romani'
911 1998 942 2040 rn
975 1981 1101 2060 originis
1129 1982 1195 2042 elus
1305 1994 1306 2026 l

175 2069 351 2148 antiquitate
365 2069 464 2129 rimati
479 2075 562 2130 sunt:
577 2067 615 2128 ob
630 2067 686 2130 hoc
697 2100 749 2150 -,
763 2085 871 2149 res—,
890 2086 964 2148 quas
978 2075 1102 2149 propter
1117 2088 1196 2130 com-

175 2158 359 2234 parationem
378 2158 510 2218 ciuitatis
529 2159 696 2239 utriusque,
710 2166 847 2218 terrenae
867 2155 982 2217 sufficet
1001 2165 1031 2218 et
1049 2157 1197 2239 caelestis,

174 2245 246 2305 huic
270 2262 378 2323 operae
401 2253 520 2324 oportet
541 2247 686 2324 Insererc,
708 2247 802 2326 magis
823 2263 859 2306 ex
879 2243 998 2306 Graecis
1023 2253 1053 2305 et
1071 2244 1196 2326 LatInis,
1276 2260 1280 2270 ·

175 2331 229 2392 ubi
251 2341 281 2394 et
304 2336 368 2412 ipsa
390 2333 484 2395 Roma
511 2337 597 2414 quasi
624 2334 754 2396 secunda
776 2331 937 2413 Babylonia
964 2341 1023 2412 cst,
1050 2332 1241 2395 debemusne

176 2438 335 2482 assumere.
363 2425 425 2484 uid.
441 2422 485 2500 fr.
503 2423 532 2484 7.

571 2536 802 2629 rosemanus

267 2681 301 2751 l.
329 2687 674 2766 Otarts.lp.12dl(.
707 2685 887 2749 Continenti.
920 2686 1014 2748 Varro
1042 2688 1078 2749 de
1106 2696 1195 2768 gente

172 2779 282 2854 populi
304 2777 438 2840 Romani
458 2776 535 2838 libro
558 2775 584 2837 1:
608 2775 642 2837 In
666 2783 747 2838 terra
770 2778 943 2838 contInenti.

267 2859 300 2926 2.
328 2867 445 2928 Olario.
461 2867 483 2926 I
493 2885 525 2943 p.
539 2865 605 2926 130
618 2866 656 2926 K.
680 2864 786 2944 Fagus.
809 2862 902 2926 Varro
917 2865 1057 2946 degente
1076 2885 1104 2945 p.
1120 2866 1154 2929 lt.
1169 2865 1196 2930 l:

176 2951 273 3033 Fagus
297 2972 371 3033 quas
395 2953 506 3015 Graece
530 2949 647 3036 φηγοὺς
669 2962 786 3016 uocant.
814 2947 890 3035 (uid.
906 2973 937 3032 p.
953 2954 1015 3016 128
1028 2950 1083 3037 K.)
1212 2971 1242 3012 ss

267 3038 326 3104 3³¹⁸.
353 3044 474 3106 Censor.
490 3045 518 3104 d.
533 3045 561 3105 d.
576 3063 605 3104 n.
621 3060 649 3105 c.
663 3042 712 3117 21,
727 3042 746 3102 1
768 3041 854 3104 Nunc
869 3061 942 3104 uero
957 3042 988 3105 id
1003 3045 1197 3108 iuteruaNum

176 3133 321 3210 temporis
344 3130 488 3211 tractabo,
511 3130 591 3212 quod
610 3126 758 3211 ἱστορικὸν
776 3129 869 3193 Varro
888 3131 1023 3210 adpellat.
1046 3132 1096 3194 hic
1114 3136 1196 3196 enim

177 3221 235 3280 tria
253 3218 425 3282 discrimina
444 3228 614 3300 temporum
632 3238 698 3282 esse
717 3221 817 3301 tradit,
835 3222 966 3300 primum
984 3218 1021 3280 ab
1040 3219 1197 3285 hominum

176 3309 324 3387 principio
348 3309 383 3369 ad
408 3309 617 3389 catadysmum
640 3312 785 3391 priorem,
809 3308 888 3389 quod
911 3317 1035 3388 propter
1058 3311 1197 3391 Ignoran-

177 3398 249 3456 tiam
281 3406 407 3458 uocatnr
436 3393 562 3478 ἄδηλον,
595 3397 761 3460 secundum
787 3416 804 3458 a
831 3396 1009 3476 cataclysmo
1031 3401 1133 3478 priore
1157 3401 1195 3462 ad
1211 3415 1243 3456 ao

177 3483 374 3564 olympiadem
397 3488 532 3566 primam,
556 3487 645 3568 quod,
669 3489 738 3567 quia
764 3488 794 3547 in
819 3503 854 3546 eo
877 3485 969 3546 multa
992 3486 1125 3549 fabulosa
1148 3507 1195 3550 re·

177 3572 324 3648 teruntur,
340 3569 471 3652 μυθικὸν
490 3578 668 3655 nominatur,
684 3577 805 3637 tertium
823 3591 841 3634 a
859 3576 955 3652 prima
973 3574 1138 3655 olympiade
1157 3579 1195 3641 ad
