2638 4056
190 247 256 315 170
528 245 870 303 renuentemque

187 399 363 481 gitudiuem⁷
381 398 485 461 decem
503 398 661 459 interduo
679 399 773 458 maria
794 399 827 458 in
845 397 1033 458 latitudinem
1053 405 1206 478 patentem

187 506 284 568 usquc
307 487 345 548 ad
367 487 460 549 'lauri
482 489 592 549 montis
614 489 684 566 iuga
706 487 854 548 Antiocho
877 486 1058 567 ademptam,
1080 486 1205 566 expulso

186 580 219 638 in
243 577 380 638 ultimum
401 576 543 656 angulum
562 575 645 638 orbis
662 584 821 637 terrmum.
851 575 934 656 quid,
952 578 980 636 si
1001 577 1129 654 grutuita
1147 593 1206 656 pax

187 674 277 747 esset,
298 666 367 745 plus
390 665 481 727 adimi
503 667 533 726 ci
553 662 711 745 potuisse?
733 663 870 744 Philippo
892 667 975 726 uicto
993 664 1206 747 Macedoniam,

186 753 295 817 Nabidi
311 755 564 816 Lacedaemonem
587 754 722 817 relictam
744 772 801 816 nec
819 753 960 825 Quinctio
982 756 1097 816 crimen
1115 770 1235 835 quae-s

187 846 292 906 situm:
314 862 375 906 non
398 846 479 906 enim
501 843 643 906 hahuisse
665 861 736 905 eum
757 843 932 904 Africanum
953 843 1086 924 fratrem
1108 846 1205 926 cuius,

186 951 256 995 cum
270 934 363 1013 gloria
377 933 521 1013 prodesm
530 933 563 994 L.
576 933 710 1012 Scipioni
722 931 886 1014 debuisset,
898 932 1043 994 inuidiam
1056 936 1205 996 nocuisse.

185 1031 303 1084 tantum
325 1025 393 1085 auri
414 1025 591 1102 argentique
612 1021 778 1083 iudicatum
800 1039 868 1083 esse
889 1024 923 1081 iu
945 1022 1067 1084 domum
1089 1022 1123 1083 L
1141 1022 1205 1084 Sci·

185 1114 285 1192 pionis
302 1111 436 1193 inlatum,
454 1119 599 1191 qnantum
616 1111 749 1174 uenditis
766 1110 906 1172 omnibus
924 1109 1012 1172 honis
1030 1111 1126 1191 redigi
1143 1129 1204 1173 uon

184 1210 296 1280 posset.
327 1201 358 1262 id
378 1200 432 1262 uhi
449 1217 522 1280 ergo
540 1217 607 1261 esse
625 1202 877 1280 tegimentum,
897 1199 951 1260 uhi
964 1208 1010 1262 tot
1023 1200 1204 1262 hereditates
1218 1216 1247 1257 ιο

185 1287 346 1369 acceptas?
363 1292 395 1352 iu
413 1290 511 1370 domo,
526 1305 615 1369 quam
634 1297 773 1366 sumptus
791 1307 852 1350 nou
871 1288 1072 1370 exhauserim,
1085 1297 1204 1352 exstare

185 1377 327 1440 debuisse
349 1396 446 1440 nouae
469 1379 606 1439 fortunae
624 1377 787 1439 cumulum
812 1385 843 1438 at
861 1380 941 1438 euim
962 1379 1042 1457 quod
1060 1397 1098 1440 ex
1115 1379 1203 1440 honis

185 1467 283 1546 redigi
305 1485 365 1528 uon
388 1467 493 1548 possit,
515 1484 554 1528 ex
575 1484 702 1545 corpore
726 1474 756 1527 et
778 1474 864 1545 tergo
887 1484 942 1545 per
963 1470 1155 1529 uexationem
1172 1478 1204 1530 et

184 1555 382 1618 contumelias
403 1556 436 1617 L.
456 1555 606 1635 Scipionis
628 1558 776 1634 petituros
799 1557 946 1636 inimicos,
969 1563 1004 1618 ut
1025 1559 1058 1618 iu
1081 1575 1203 1620 carcere

183 1646 265 1705 inter
278 1643 361 1706 iures
375 1651 539 1706 nocturnos
553 1652 585 1704 ct
602 1643 733 1704 latrones
753 1646 801 1705 uir
819 1643 1004 1706 clarissimus
1021 1645 1203 1728 includatur,
1217 1662 1244 1702 ιε»

184 1741 215 1794 et
238 1735 271 1794 iu
292 1733 401 1794 rohone
424 1743 455 1794 ct
476 1732 612 1795 tenebris
634 1735 776 1815 exspiret,
797 1733 907 1794 deiude
930 1733 1030 1796 nudus
1046 1744 1117 1797 aute
1139 1753 1203 1797 cer·

184 1839 286 1883 cerem
308 1824 481 1902 proicietur.
517 1840 578 1883 uon
604 1821 636 1882 id
659 1821 813 1883 Corneliae
835 1825 931 1902 magis
959 1823 1087 1886 lamiliee
1114 1843 1204 1906 quam

148 1920 166 1957 v
184 1909 254 1972 urhi
282 1909 431 1973 Romanae
459 1910 524 1973 lore
551 1909 799 1973 erubescendum.
826 1905 869 1996 (c.
891 1906 962 1995 60.)
986 1912 1141 1975 Aduersus
1167 1933 1204 1976 ca

183 1999 343 2064 Terentius
366 2009 488 2081 praetor
509 2003 694 2080 rogationem
716 2001 864 2063 Petillium
887 2010 918 2062 et
940 2012 1062 2065 senatus
1084 2003 1202 2065 consul·
1307 2005 1308 2068 3

183 2097 249 2150 tum
271 2099 302 2151 et
324 2089 469 2152 iudicium
492 2091 529 2152 de
551 2090 585 2151 L.
609 2090 748 2169 Scipione
776 2092 888 2153 laetum
916 2094 1068 2154 recitauit:
1096 2111 1142 2174 se,
1169 2095 1202 2153 ni
1216 2109 1244 2149 so
1307 2085 1308 2094 ’

183 2177 333 2240 referatur
363 2181 491 2258 pecunia
521 2181 554 2240 in
585 2178 740 2259 publicum
776 2199 852 2259 quae
883 2180 1014 2244 iudicata
1046 2184 1099 2262 sit,
1127 2178 1203 2242 nihil

183 2265 294 2328 hahere
318 2267 397 2346 quod
421 2267 518 2348 iaciat,
536 2270 596 2329 nisi
613 2276 648 2329 ut
665 2267 773 2347 prendi
792 2268 963 2330 damnatum
982 2279 1013 2330 et
1030 2273 1062 2330 in
1080 2271 1201 2332 uincula

136 2365 165 2399 w
183 2355 254 2416 duci
275 2355 385 2417 iubeat
417 2355 532 2417 tribuni
554 2375 623 2418 cum
645 2359 678 2418 in
700 2356 858 2418 consilium
881 2360 1089 2440 secessissent,
1112 2361 1201 2439 pardo

182 2451 251 2523 post
280 2443 312 2506 C.
335 2443 468 2507 Fannius
500 2463 536 2506 ex
568 2463 623 2506 sua
654 2445 894 2525 collegarumque
926 2445 1053 2508 aliorum
1079 2458 1201 2527 praeter

70 2529 75 2542 '
182 2532 351 2595 Gracchum
372 2536 521 2596 sententia
544 2535 751 2614 pronuntiauit
773 2536 906 2614 praetori
928 2551 989 2595 uon
1011 2538 1242 2600 intercederem
1307 2551 1308 2574 ³

145 2622 334 2705 ¹t1ihunos‚
363 2641 423 2703 quo
450 2626 551 2684 minus
577 2641 631 2685 sua
657 2631 805 2703 potestate
833 2631 943 2684 utatur.
979 2623 1024 2684 Ti.
1046 2623 1199 2687 Gracchus
1307 2663 1308 2668 κ

181 2713 224 2774 ita
246 2712 391 2794 decreuit,
414 2731 473 2792 quo
496 2714 596 2774 minus
618 2731 655 2773 ex
678 2711 766 2772 honis
788 2711 820 2772 L.
844 2711 995 2791 Scipionis
1018 2713 1099 2792 quod
1121 2714 1198 2775 iudi·
1307 2675 1308 2730 ¹

182 2808 281 2862 catum
300 2804 340 2864 sit
358 2802 520 2883 redigatur,
539 2819 571 2863 se
590 2819 651 2863 uon
668 2799 856 2862 intercedere
874 2801 1019 2880 praetori:
1037 2801 1071 2862 L.
1086 2801 1198 2881 Scipio
1307 2799 1308 2882 l

182 2907 260 2972 nem,
284 2893 336 2971 qui
357 2907 461 2970 regem
483 2891 743 2970 opulentissimum
765 2889 848 2950 ochis
870 2899 1020 2951 terrarum
1043 2890 1199 2976 dedicerit,

181 2980 341 3059 imperium
363 2980 466 3061 populi
484 2978 609 3041 llomaui
626 2980 838 3058 propagauerit
855 2982 888 3040 in
905 2980 1028 3041 ultimos
1049 2988 1199 3044 terrarum
1212 2998 1240 3040 eo

181 3068 269 3150 dnes3
302 3087 404 3149 regem
431 3069 609 3150 Eumenem,
636 3065 782 3148 Rhodios,
812 3067 886 3130 alias
916 3075 962 3130 tot
988 3070 1075 3132 Asiae
1103 3071 1198 3133 urhes
1306 3075 1308 3130 l

181 3155 351 3219 deuinxerit
364 3158 467 3238 populi
480 3157 605 3218 Romani
619 3155 781 3237 beneflciis,
800 3156 946 3236 plurimos
958 3158 1052 3220 duces
1065 3159 1198 3222 hostium

180 3245 213 3303 in
235 3246 388 3325 triumpho
407 3248 513 3309 ductos
536 3263 656 3308 carcere
675 3245 841 3328 incluserit,
863 3265 924 3309 uon
941 3263 1100 3326 passurum
1118 3252 1198 3312 inter

180 3331 283 3394 hostes
296 3334 400 3413 populi
414 3335 537 3396 Romani
552 3333 585 3396 1..
601 3335 771 3416 Scipionem
785 3337 817 3397 iu
836 3353 957 3398 carcere
971 3346 1003 3397 et
1015 3339 1048 3397 iu
1066 3339 1196 3402 uinculls

180 3437 247 3482 esse
274 3424 413 3502 mittique
440 3441 510 3485 eum
534 3443 566 3486 se
588 3424 702 3487 iubere.
735 3431 818 3486 tauto
841 3425 971 3488 adsensu
994 3426 1129 3488 auditum
1150 3435 1197 3490 est
1210 3442 1237 3483 ³⁵

179 3509 344 3592 decretum,
358 3512 432 3572 adeo
445 3511 602 3575 dimissum
616 3514 787 3595 Scipionem
805 3513 876 3575 laeti
894 3515 1031 3576 homines
1045 3515 1196 3598 uiderunt,

180 3607 215 3660 ut
237 3601 288 3661 uix
315 3602 348 3661 iu
375 3600 477 3663 eadem
505 3603 627 3664 ciuitate
653 3603 810 3665 uideretur
836 3604 949 3666 laetum
975 3601 1128 3678 iudicium.
1163 3610 1196 3668 iu
1307 3621 1308 3676 l

1306 3701 1308 3822 l

1305 3825 1308 4031 l
