2670 4058
455 205 820 262 mensurnas-41.
1083 208 1146 275 161

221 349 281 418 38.
304 355 372 416 liu.
390 356 521 417 XXXV
540 355 619 434 2,8
656 355 790 417 Valerius
823 355 925 418 Antias
957 365 987 418 et
1014 359 1046 418 in
1074 321 1211 420 Sici-¹2³

130 444 200 507 liam
241 446 398 523 nauigasse
435 444 562 506 dilectus
598 462 688 506 causa
725 445 755 506 C.
792 444 970 506 Flaminium
1009 410 1210 525 [ιιιιιειο-1561

130 552 209 609 rem,
245 552 266 595 a
297 543 406 595 senatu
439 537 470 595 ιἰι
501 535 684 611 litimonium
719 532 854 612 musam]
893 534 999 596 scribit
1039 543 1070 596 et
1110 555 1148 598 ex

130 622 232 684 Sicilia
263 621 436 702 Hispaniam
462 631 614 702 petentem
643 631 820 703 tempestate
849 626 882 684 in
911 624 1040 686 Africam
1069 624 1148 687 dela·

123 720 195 782 ,tum
230 730 324 792 uagos
360 711 470 774 milites
506 712 543 772 dc
566 713 701 773 exercitu
732 712 766 774 P.
797 711 929 776 Africani
960 722 1173 777 sacramentoc

128 819 264 884 rogasse,
295 801 344 862 bis
373 802 501 862 dunum
527 802 752 880 prouinciarum
779 801 938 863 dilectibus
965 805 1088 865 tertium
1115 806 1147 864 in

129 889 272 971 Hispania
295 891 449 952 adiecisse.

220 984 279 1050 39.
302 989 370 1052 Liu.
388 989 538 1050 XXXVI
551 988 601 1063 19,
620 989 664 1048 10
695 988 847 1050 Romanus
870 991 1021 1068 equitatus
1048 954 1211 1093 ἰρειιιιιὲ-Ξὲ

130 1078 254 1159 quidem
273 1096 377 1158 regem
405 1076 601 1155 [Aastiocbum
628 1096 668 1139 ea·
691 1096 800 1155 mna
826 1078 1073 1158 lbermopylerui
1096 1080 1146 1156 su·

127 1167 273 1246 aientem]
288 1165 399 1228 Elatiae
414 1168 575 1228 adsecutus
589 1185 650 1228 non
664 1174 723 1248 est;
741 1184 878 1246 magnam
891 1175 1008 1246 partem
1021 1171 1147 1248 agminis
1163 1191 1189 1231 1o

130 1264 182 1318 eut
204 1256 379 1318 lassitudine
403 1255 593 1318 subsistentis
612 1265 663 1317 aut
681 1274 794 1337 errore,
811 1264 846 1317 ut
866 1257 1000 1335 quisine
1019 1257 1147 1320 ducibus

129 1362 185 1428 per
207 1348 308 1426 ignota
330 1347 439 1407 itinera
465 1344 617 1427 lugerent,
647 1345 805 1424 dissipatos
833 1355 1062 1427 oppresserunt;
1091 1365 1147 1408 nec

112 1442 250 1514 ,praeter
273 1437 461 1520 quingentos,
485 1436 538 1514 qui
556 1435 637 1496 circa
654 1452 756 1514 regem
775 1435 905 1515 luerunt,
924 1453 962 1496 ex
981 1443 1045 1496 toto
1064 1454 1148 1498 exer·

130 1525 193 1585 citu
220 1526 379 1604 quisquam
405 1523 522 1604 effugit,
550 1525 639 1584 etiam
666 1541 703 1584 ex
731 1523 834 1584 decem
862 1523 984 1586 milibus
1011 1524 1148 1606 militum,

131 1631 206 1694 quos
224 1612 346 1693 Polybio
369 1621 491 1674 auctore
514 1614 668 1674 traiecisse
692 1630 796 1674 secum
818 1630 920 1691 regem
943 1615 975 1674 in
993 1613 1148 1676 Graeciam
1163 1633 1188 1675 ιι

130 1704 316 1784 scripsimus,
340 1703 465 1779 exiguus
487 1718 641 1763 numerus.
672 1701 743 1781 quid
767 1703 794 1762 si
815 1703 928 1763 Antiati
947 1701 1061 1764 Valerio
1085 1722 1149 1765 cre·

130 1790 236 1854 damus
263 1793 415 1870 sexaginta
440 1789 522 1851 milia
550 1789 679 1851 militum
710 1791 802 1852 luisse
834 1793 867 1851 in
897 1793 980 1870 regio
1014 1794 1149 1854 exercitu

131 1880 284 1962 scribenti,
307 1880 501 1960 quadraginta
523 1879 593 1941 inde
616 1879 697 1940 milia
720 1879 878 1959 cecidisse,
902 1898 993 1959 supra
1016 1883 1149 1961 quinque

130 1969 211 2030 milia
234 1977 320 2050 capta
343 1988 412 2030 cum
435 1970 528 2048 signis
551 1968 730 2030 militaribus
753 1968 891 2030 ducentis
919 1966 1062 2047 triginta?
1087 1969 1149 2031 llo·

130 2077 287 2120 manorum
310 2066 431 2120 centum
455 2059 669 2139 quinquaginta
691 2059 723 2119 in
746 2060 813 2137 ipso
837 2059 999 2118 certamine
1022 2077 1149 2141 pugnae,
1163 2080 1190 2120 so

105 2147 167 2228 ¹ab
195 2151 320 2210 incursu
342 2146 516 2210 Aetolorum
543 2165 575 2208 se
602 2155 721 2209 tuentes
750 2166 810 2209 non
837 2145 905 2226 plus
932 2149 1148 2228 quinquaginta

130 2238 283 2300 interlecti
305 2245 385 2299 sunt.
486 2257 498 2280 ⁴

220 2329 279 2398 40.
303 2335 371 2398 liu.
402 2336 503 2396 XXX
506 2335 552 2397 VI
579 2334 640 2409 36,
671 2337 694 2396 3
729 2333 787 2395 Per
818 2333 898 2395 idem
935 2334 997 2394 lere
1030 2341 1211 2414 tempus—

1160 2297 1209 2346 191

131 2423 220 2487 aedes
256 2426 361 2486 matris
396 2441 520 2505 magnae
547 2423 652 2484 ldaeae
683 2423 818 2485 dedicata
850 2431 909 2504 est,
942 2441 1031 2503 quam
1063 2387 1211 2485 (Ιιιιιιιι563

130 2516 157 2575 is
181 2514 215 2576 P.
241 2513 397 2575 Cornelius
424 2514 579 2575 adnectam
606 2531 643 2573 ex
671 2512 739 2573 lisia
765 2511 798 2573 P.
826 2510 964 2573 Cornelio
1000 2511 1148 2593 Scipione,
1163 2533 1189 2575 ec

131 2605 181 2665 eui
217 2611 321 2682 postea
356 2603 495 2664 Africano
538 2601 594 2663 luit
630 2619 810 2682 cognomen,
851 2600 884 2662 P.
924 2599 1038 2661 Licinio
1080 2619 1149 2661 con·

131 2692 248 2754 sulibus
275 2695 307 2752 in
329 2691 475 2753 Palatium
504 2693 620 2751 amari
646 2689 802 2752 detulerat.
845 2688 1020 2751 locauerant
1047 2688 1150 2750 aedem

131 2781 297 2843 taciendam
333 2799 369 2842 ex
406 2789 527 2842 senatus
564 2780 700 2841 consulto
736 2779 774 2840 bl.
802 2777 907 2839 Liuius
944 2778 975 2839 C.
1008 2777 1149 2840 Claudius

131 2889 273 2934 censores
300 2870 337 2931 bl.
361 2869 498 2931 Cornelio
522 2867 553 2929 Ρ.
583 2868 757 2949 Sempronio
785 2866 973 2947 consulibus;
1005 2867 1149 2929 tredecim

131 2961 217 3022 annis
249 2968 317 3039 post
347 2977 436 3038 quam
467 2957 563 3018 locata
600 2966 663 3019 crat
697 2957 847 3018 dedicauit
879 2975 944 3018 eam
976 2955 1014 3018 M.
1046 2955 1149 3017 lunius
1163 2979 1190 3020 eo

131 3047 257 3129 brutus,
284 3049 407 3128 ludique
431 3047 469 3109 ob
492 3046 709 3108 dedicationem
732 3048 796 3109 eius
820 3046 905 3122 lacti,
932 3063 1008 3126 quos
1035 3046 1149 3124 primos

131 3139 285 3200 scaenicos
309 3139 400 3199 luisse
428 3138 531 3198 Antias
554 3135 687 3197 Valerius
711 3143 758 3197 est
780 3144 896 3215 auctor,
919 3132 1077 3213 Megalesia
1100 3153 1149 3212 ap·

130 3226 265 3310 pullatos.

222 3320 277 3387 41.
299 3326 368 3386 Liu.
387 3325 487 3384 XXX
491 3325 536 3385 VI
549 3324 600 3399 38,
619 3324 640 3383 5
672 3322 794 3385 [luobus
818 3323 880 3384 iere
903 3329 971 3403 post
994 3319 1214 3398 mensibusffl

132 3414 164 3476 P.
188 3413 343 3476 Cornelius
365 3412 471 3475 consul
493 3431 563 3474 cum
585 3410 728 3474 boiorum
750 3415 883 3474 exercitu
907 3412 999 3490 signis
1023 3408 1148 3472 conlatis
1159 3408 1213 3459 563

132 3505 252 3583 egregie
266 3505 419 3583 pugnauit.
442 3502 664 3582 duodetriginta
686 3501 767 3563 milia
784 3501 915 3562 bostium
934 3501 1033 3561 occisa
1046 3499 1150 3561 Antias

133 3591 267 3654 Valerius
295 3592 413 3674 scribit,
437 3599 523 3671 capta
550 3593 607 3652 tria
634 3590 714 3652 milia
743 3598 774 3652 et
795 3590 1042 3670 quadringentos,
1066 3591 1151 3668 signa

186 3703 274 3755 Purra,
288 3703 349 3744 Eiet.
362 3704 427 3744 Rom
440 3703 522 3754 fragm.
958 3696 989 3743 ll
