2620 4054
91 235 227 319 ennon.
238 239 316 292 3-8.
335 237 373 292 Μ.
383 234 533 290 venenu
550 231 765 290 mussantes
783 231 870 288 RVFI
883 229 981 288 TEST.
994 236 1018 287 1.
1038 229 1104 296 265

92 385 175 446 Asini
206 384 361 447 Pollionis:
393 382 488 446 Huius
521 400 592 462 ergo
625 385 684 446 uiri
712 391 757 446 tot
784 388 934 467 unusque
963 381 1104 463 operibus

92 475 225 535 mansuri
247 476 278 536 in
302 491 389 534 omne
413 491 521 534 aeuum
543 474 716 552 praedicare
744 473 783 535 de
805 477 925 555 ingenio
948 481 1038 553 atque
1060 473 1104 533 iu·

92 562 207 625 dustria
239 580 459 643 superuacuum
491 570 543 624 est.
591 561 703 625 Natura
735 573 834 628 autem
866 572 954 644 atque
987 562 1105 624 fortuna

91 654 205 731 pariter
219 652 360 714 obsecuta
378 658 425 712 est
442 654 480 732 ei,
493 655 521 712 si
538 652 658 731 quidem
677 652 768 715 facies
787 653 894 716 decora
913 655 948 715 ed
968 658 1104 714 senectu-

92 750 154 804 tem
183 759 386 822 prosperaque
417 743 582 820 permansit
613 741 766 826 ualetudo,
798 750 862 804 tum
893 762 950 824 pax
982 744 1133 822 diutinas

93 833 180 893 cuius
203 833 370 893 instructus
394 838 458 891 eret
474 829 599 911 artibus,
618 833 750 912 contigit.
774 850 903 912 namque
921 834 958 894 ad
977 834 1106 912 priscam

94 923 286 982 seueritatem
312 918 431 982 iudiciis
459 921 570 983 exactis
602 923 729 981 maxima
761 923 918 984 noxiorum
946 920 1106 983 multitudo

93 1011 245 1091 prouenit,
273 1028 349 1089 quos
377 1007 538 1070 obstrictos
566 1012 731 1087 patrocinio
760 1010 925 1072 incolumes
947 1011 1106 1092 plerosque

93 1098 229 1160 babebat.
258 1098 319 1159 lam
338 1097 509 1159 felicissima
529 1098 701 1160 consulatus
725 1101 753 1160 ci
776 1117 843 1160 sors
864 1101 987 1179 petendi
1009 1107 1040 1161 et
1056 1116 1106 1178 ge-

94 1187 180 1248 rendi
201 1205 307 1268 magna
330 1205 454 1250 munera
477 1187 566 1250 deum
594 1187 718 1250 consilio
745 1189 966 1269 industriaque:
993 1190 1107 1250 utinam
1121 1201 1148 1240 ιο

94 1277 276 1338 moderatius
294 1277 440 1338 secundas
459 1294 508 1338 res
528 1285 558 1338 et
576 1276 684 1338 lortius
698 1278 839 1340 aduersas
854 1278 933 1340 ferre
946 1274 1107 1359 potuissetl

94 1383 222 1445 namque
245 1374 389 1446 utraeque
412 1384 481 1428 cum
503 1375 649 1428 uenerant
671 1368 708 1448 ei,
731 1370 841 1429 mutari
864 1385 914 1429 eas
937 1386 997 1430 non
1020 1383 1108 1447 posse

95 1453 225 1516 rebatur.
250 1454 319 1516 inde
343 1463 413 1517 sunt
435 1455 565 1516 inuidiae
589 1463 781 1535 tempestates
804 1466 923 1519 coortae
945 1474 1054 1538 graues
1077 1457 1109 1516 in

95 1560 164 1604 eum
186 1546 356 1624 certiorque
379 1546 507 1606 inimicis
530 1544 723 1624 adgrediendi
749 1545 871 1629 fiducia3
894 1549 1005 1608 maiore
1029 1546 1109 1608 enim

95 1631 260 1696 simultates
275 1633 431 1713 adpetebat
447 1636 544 1694 animo
559 1652 647 1712 tham
666 1634 797 1713 gerebat.
821 1635 878 1698 Sed
895 1637 1012 1716 quando
1031 1643 1150 1696 mor-1⁵

97 1720 198 1783 talium
221 1722 295 1784 nulli
318 1724 416 1785 uirtus
440 1723 573 1801 perlecta
595 1725 728 1804 contigit,
752 1743 810 1804 qua
828 1726 923 1786 maior
940 1743 1010 1805 pars
1029 1727 1109 1786 uitae

95 1819 184 1890 atque
195 1813 307 1890 ingenii
316 1814 408 1892 stetit,
418 1829 451 1871 ea
462 1811 653 1872 iudicandum
663 1812 699 1873 de
710 1812 830 1874 bomine
840 1814 996 1893 astatque
1007 1832 1062 1893 ego
1072 1831 1110 1874 ne

95 1899 258 1960 miserandi
281 1899 400 1979 quidem
425 1901 522 1960 exitus
546 1917 615 1960 eurn
637 1901 729 1962 fuisse
753 1902 930 1983 iudicarem,
959 1905 1019 1964 nisi
1045 1904 1110 1982 ipse

96 1996 157 2049 tam
179 1990 318 2050 miseram
342 1995 469 2050 mortem
491 1995 634 2066 putasset.

104 2095 110 2104 ⁸
186 2073 221 2140 6.
249 2079 320 2140 Ταο.
334 2097 404 2140 aaa.
418 2079 438 2138 I
443 2078 470 2137 V
483 2077 528 2136 34
551 2077 645 2138 Asinii
663 2076 804 2139 Pollionis
828 2081 939 2159 scripta
962 2080 1111 2159 egregiam
1125 2087 1152 2128 ²⁰

96 2168 261 2228 eorundem
285 2166 401 2245 [Cassii
422 2175 452 2228 et
473 2159 576 2249 Bruti]
600 2169 773 2228 memoriam
797 2168 927 2229 tradunt.

189 2259 248 2329 7*.
272 2266 373 2328 Strab.
389 2266 441 2325 IV
452 2282 483 2342 p.
498 2263 578 2324 294·
602 2263 681 2344 Φησί
703 2259 735 2328 τί
759 2269 852 2345 μῆκος
870 2261 962 2329 αὐτοῦ
981 2263 1111 2344 [Rbem']

97 2365 226 2427 σταδίων
249 2361 449 2444 ἑξακισχιλίων
468 2357 746 2441 Meletos—popul
760 2361 793 2425 dt
806 2362 857 2425 καί
875 2364 1014 2445 δίστομον
1036 2357 1113 2426 εἶναι

98 2456 291 2543 μεμψάμενος
312 2456 382 2535 τοὺς
403 2461 493 2522 πλείω
517 2457 663 2541 λέγοντας.

190 2554 249 2622 8*.
274 2561 372 2622 Prisc.
398 2559 480 2620 VIII
500 2577 530 2635 p.
549 2557 617 2619 386
639 2559 675 2619 H.
709 2557 842 2620 Asinius:
871 2559 963 2621 Cuius
991 2567 1113 2640 experta
1127 2566 1154 2608 25

99 2652 198 2712 uirtus
220 2647 299 2710 bello
323 2647 497 2710 Germaniae
521 2647 656 2708 traducta
680 2647 716 2708 ad
741 2648 906 2709 custodiam
926 2647 1035 2728 lllyrici
1059 2655 1112 2709 est.

185 2887 238 2971 M.
270 2881 528 2974 VALERIVS
560 2881 834 2968 Messenen
865 2882 1033 2970 RVFVS

138 3037 173 3104 (a.
192 3041 236 3092 46.
256 3039 308 3090 708
332 3031 457 3088 Caesaris
479 3032 590 3129 legatus
611 3030 641 3086 in
654 3030 767 3173 ’bstiffl'
790 3048 816 3088 a.
835 3037 878 3086 ott.
898 3037 948 3088 ‘101
973 3031 1078 3100 consul,

557 3118 648 3174 augur
666 3146 672 3159 .
816 3121 827 3139 ⁴

172 3228 361 3287 LIBRORVM
380 3229 429 3284 DE
447 3228 608 3285 FAMILIIS
627 3227 792 3285 ROMANIS
811 3225 1039 3284 FRAGMENTA

194 3339 227 3407 l.
251 3346 328 3405 Plio.
348 3363 376 3404 a.
395 3345 424 3404 lo.
438 3344 538 3404 XXX
543 3343 604 3403 V8
631 3342 735 3404 Exstat
757 3340 899 3404 Messalae
922 3343 1049 3402 oratoris
1071 3343 1115 3402 in·

15 3462 19 3471 ·
101 3435 246 3514 dignatio,
277 3451 352 3512 quae
374 3431 543 3511 probibuit
574 3433 668 3493 inseri
698 3433 781 3511 genti
817 3449 887 3493 suae
915 3429 1115 3492 Laeuinorum

102 3523 228 3584 alienam
251 3523 418 3601 imaginem.
456 3520 567 3582 similis
595 3539 684 3582 causa
707 3518 849 3582 Messalae
876 3521 941 3582 seni
969 3520 1116 3598 expressit

102 3611 253 3674 uolumina
288 3609 350 3692 illa,
380 3628 456 3690 quae
486 3608 522 3672 de
555 3609 663 3672 familis
697 3607 842 3692 condidit,
870 3626 937 3671 eum
967 3607 1115 3689 Scipionls
1129 3621 1156 3662 ao
