2640 4052
160 165 183 230 4
442 165 641 221 ANNALIVM
658 165 890 222 MAXIMORVM

161 314 236 377 nihil
254 317 285 376 in
303 317 401 396 poetis
421 334 511 396 supra
529 315 649 379 Liuium
663 315 879 399 Andronicum,
897 316 972 380 nihil
990 319 1021 378 in
1039 293 1175 378 historiis
1283 377 1285 382 .

146 423 252 484 ’ταυτα
274 405 448 484 pontificum
467 405 588 468 annales
610 405 799 468 haberemus.
835 405 950 468 ratibus
972 406 1069 486 adhue
1093 408 1176 468 naui-

161 501 290 574 geretur.

126 586 160 652 4.
188 593 291 654 Coton.
315 597 392 670 ονλμ.
413 591 455 670 fr.
479 595 524 654 77
546 593 612 655 Non
634 591 718 654 lubet
735 592 882 675 seribere,
904 593 984 673 quod
1014 596 1045 655 in
1076 592 1177 655 tabula

161 681 238 761 apud
258 683 428 760 pontificem
447 685 607 745 maximum
626 693 685 764 est,
709 685 847 762 quotiens
866 701 982 744 annona
1005 701 1083 765 eara,
1105 695 1204 765 quo-5
1315 756 1316 760 ρ

161 772 239 831 tiens
262 769 350 833 lunae
374 780 425 834 aut
448 772 519 834 solis
546 772 658 835 lumine
682 771 776 851 caligo
799 780 850 835 aut
873 772 945 852 quid
968 771 1127 834 obstiterit.

127 862 160 932 5.
184 870 309 947 Dionys,
330 870 408 931 174
442 865 488 933 oo
519 865 576 953 γάρ
604 865 711 952 ἠξίουν
738 862 778 944 ὥς
805 865 957 951 Πολύβιος
988 863 1004 932 ὅ
1033 873 1179 951 Μεγαπο-

160 965 239 1045 λίτης
261 970 403 1029 τοσοῦτον
425 962 519 1047 μόνον
538 969 641 1046 εἰπεῖν,
664 963 708 1030 ὅτι
730 963 803 1030 κατά
825 963 858 1031 τὸ
883 963 1019 1050 δεύτερον
1041 967 1105 1043 ἔτος
1126 972 1179 1048 τῆς

160 1057 293 1144 ἑβδόμης
320 1059 504 1146 ὀλυμπιάδος
536 1061 591 1147 τὴν
614 1060 732 1147 Ῥώμην
764 1064 897 1128 ἐκτίσθαι
922 1066 1080 1146 πείθομαι,
1108 1059 1175 1128 οὗθ’

159 1159 210 1224 ἐπὶ
231 1167 284 1225 τοῦ
306 1158 387 1245 παρά
409 1169 471 1238 τοῖς
493 1159 657 1246 ἀρχιερεῦσι
674 1163 813 1244 κειμένου
830 1166 956 1239 πίνακος
974 1159 1042 1239 ἑνὸς
1058 1163 1110 1227 καί
1127 1159 1177 1245 μό·
1191 1188 1219 1229 ιο

159 1284 217 1323 νου
239 1255 294 1340 τὴν
321 1263 419 1323 πίστιν
448 1257 646 1343 ἀβασάνιστον
673 1267 856 1342 καταλιπεῖν,
883 1258 957 1325 ἀλλά
983 1257 1053 1337 τοὺς
1080 1260 1178 1325 ἐπιλο-

161 1352 295 1439 γισμοὺς,
318 1352 363 1433 οἷς
379 1354 475 1434 ἀὐτὸς
497 1359 702 1442 προσεθέμην,
722 1362 763 1436 είς
789 1359 878 1440 μέσον
900 1355 1094 1433 ὑπευθύνους
1116 1365 1178 1434 τοῖς

162 1457 356 1536 βουληθεῖσιν
370 1456 529 1537 ἐσομένους
543 1457 711 1542 ἐξενεγκεῖν.
724 1495 762 1503 -
779 1461 840 1522 Cio·
856 1464 894 1522 cle
912 1480 948 1522 re
957 1479 989 1538 p.
1005 1460 1044 1521 II
1057 1459 1108 1540 15,
1126 1457 1176 1520 28.

161 1553 276 1615 Verene
293 1587 334 1598 -
349 1555 405 1617 hoe
425 1560 584 1619 memoriae
603 1558 794 1640 proditumst,
809 1558 956 1637 Africane,
970 1574 1072 1636 regem
1086 1559 1177 1618 istum
1315 1619 1316 1622 ,

161 1642 288 1704 Numam
310 1643 493 1726 Pythagorae
522 1649 617 1726 ipsius
647 1647 827 1728 discipulum
850 1654 901 1708 aut
929 1653 1010 1707 certe
1033 1644 1218 1726 Pythago-1⁶
1315 1713 1316 1730 ρ

161 1750 247 1793 reum
262 1730 377 1796 luisse?
399 1753 487 1815 saepe
507 1739 587 1798 enim
605 1737 662 1798 hoe
682 1738 719 1799 de
737 1736 900 1800 maioribus
918 1743 990 1796 natu
1008 1735 1178 1797 audiuimus

161 1828 192 1882 et
214 1823 254 1882 ita
277 1822 479 1903 intellegimus
503 1825 593 1906 uulgo
622 1829 799 1907 existimari,
827 1842 925 1905 neque
954 1842 1028 1886 uero
1052 1825 1123 1886 satis
1146 1823 1178 1886 id

161 1910 310 1974 annalium
332 1913 523 1995 publicorum
546 1920 722 1978 auctoritate
746 1914 928 1976 declaratum
951 1914 1097 1975 uidemus.

125 2001 160 2070 6.
185 2011 273 2072 Ilion.
300 2013 322 2074 Ι
344 2013 386 2074 73
422 2008 556 2089 Παλαιὸς
596 2011 650 2094 μὲν
691 2004 747 2076 οὖν
783 2007 848 2075 οθτε
884 2005 1071 2095 συγγραφεὺς
1112 2009 1179 2075 οὔτε

142 2165 152 2202 ,-
159 2105 347 2190 λογογράφος
382 2110 442 2173 ἐστὶ
468 2105 622 2195 Ῥωμαίων
653 2108 725 2176 οὐδὲ
757 2105 811 2185 εἷς·
849 2108 882 2172 ἐκ
916 2113 1053 2172 παλαιῶν
1080 2108 1178 2189 μέντοι
1192 2133 1219 2174 το

161 2201 258 2288 λόγων
285 2206 318 2270 ἐν
346 2209 438 2291 ίεραῖς
466 2209 576 2286 δέλτοις
604 2208 779 2290 σωζομένων
801 2202 921 2282 ἕκαστός
943 2230 970 2269 τι
996 2202 1178 2289 παραλαβάυ

161 2299 339 2387 ἀνέγραψεν.

558 2460 787 2516 FRAGMENTA

253 2567 338 2656 1121.
371 2575 485 2652 Vopise.
501 2579 555 2637 uit.
575 2574 740 2650 Tacit.1,1
763 2573 849 2645 Quod
868 2581 937 2654 post
950 2592 1107 2636 excessum
1121 2573 1179 2636 llo·

165 2663 238 2725 muli
250 2663 368 2725 nouello
379 2662 475 2724 adhue
485 2662 633 2725 Romanae
648 2662 733 2725 urbis
747 2665 874 2744 imperio
888 2662 1000 2726 laetum
1013 2664 1180 2745 pontifices,

164 2771 257 2833 penes
280 2770 356 2832 quos
380 2751 554 2814 scribendae
577 2752 720 2814 historiae
747 2759 880 2834 potestas
909 2753 979 2835 luit,
1007 2755 1038 2814 in
1066 2753 1180 2815 litteras
1194 2772 1221 2814 ει
1313 2825 1314 2832 ¹

164 2840 359 2922 rettulerunt,
382 2848 416 2902 ut
442 2843 662 2924 interregnum,
685 2842 756 2904 dum
778 2850 847 2923 post
873 2842 986 2916 bonum
1012 2844 1179 2922 prinoipem
1313 2839 1314 2850 ’

165 2930 262 2992 honus
286 2929 361 2991 alius
386 2932 553 3013 quaeritur,
580 2933 722 3013 iniretur,
744 2931 801 2993 hoe
829 2939 898 3012 post
920 2931 1113 2993 Aurelianum
1140 2965 1178 2974 -

167 3037 219 3080 ser
242 3021 313 3081 totis
338 3019 491 3081 mensibus
515 3020 626 3082 laetum
650 3029 704 3082 est.
1152 3017 1156 3024 ’

257 3111 346 3198 2[3].
374 3118 435 3180 Cio.
454 3121 493 3180 de
514 3138 551 3180 re
569 3138 600 3196 p.
620 3119 707 3194 116,
725 3119 768 3179 25
791 3118 824 3180 ld
848 3127 947 3181 autem
967 3117 1071 3196 [solem
1089 3122 1181 3179 lunae

105 3218 158 3270 403
169 3210 307 3283 oppositu
320 3210 419 3268 solere
433 3207 579 3286 deficere]
593 3215 697 3288 postea
711 3226 748 3270 ne
767 3215 904 3271 nostrum
918 3206 1038 3288 quidem
1051 3206 1182 3268 Ennium
1195 3229 1222 3269 ιο

104 3289 253 3375 effingit,
276 3291 300 3375 †
319 3297 372 3376 qui
394 3303 428 3356 ut
446 3296 559 3379 scribit,
578 3316 655 3359 anno
675 3299 920 3378 quinquagesimo
939 3295 1008 3358 CCC
1027 3295 1090 3356 lere
1112 3302 1182 3374 post

167 3382 290 3445 Romam
313 3385 462 3448 conditam

301 3473 394 3537 Nonis
416 3474 499 3538 lunis
522 3475 578 3538 soli
601 3477 671 3538 luna
693 3476 810 3537 obstitit
833 3484 864 3537 et
885 3493 952 3536 nox.

168 3563 264 3645 adque
287 3564 342 3627 hac
365 3567 396 3627 in
420 3584 453 3628 re
476 3573 557 3629 tanta
579 3567 659 3628 inest
686 3567 761 3628 ratio
792 3564 887 3644 adque
911 3563 1055 3646 sollertia,
1083 3572 1117 3626 ut
1144 3581 1181 3624 ex
