2670 4058
475 191 706 248 FRAGMENTA
725 200 820 249 8-20.
1114 196 1157 260 95

234 338 318 406 16³⁸.
341 345 467 420 Dionys.
479 343 568 403 1172
582 336 625 403 ‘H
635 337 664 403 δ’
681 338 793 423 ἰβδόμη
809 348 898 422 μοῖρα
912 347 963 424 τῆς
976 344 1057 425 ἱερᾶς
1071 369 1157 424 νομο-

140 441 246 515 θεσίας
268 445 308 528 τῷ
331 436 491 521 συστήματι
513 437 677 522 προσετέθη
699 443 759 502 τῶν
780 438 972 520 καλουμένων
990 443 1157 520 φετιαλίων.

143 538 255 602 -εἰσί
274 535 303 601 δ’
325 538 357 601 έκ
374 542 433 600 τῶν
455 532 582 619 ύρίστων
605 539 696 601 οἴκων
718 535 825 619 ύνδρες
848 536 989 602 έπίλεκτοι
1011 533 1062 601 διὰ
1083 561 1158 601 παν-

139 631 190 711 τὸς
218 631 373 717 ἱερώμενοι
399 639 452 698 τοῶ
479 636 563 715 βίου,
591 631 683 716 Νόμα
708 639 761 699 τού
788 633 931 716 βασιλέως
961 631 1081 716 πρῶτον
1107 636 1157 698 καὶ

139 738 226 797 τούτο
240 729 396 815 Ῥωμαίοις
416 727 449 796 τό
472 728 554 814 ίερόν
577 727 695 814 ἀρχεῖον
717 733 987 815 καταστησαμένου·
1010 736 1037 797 εἰ
1058 733 1183 814 μέντοιο

139 827 221 914 παριί
233 836 294 894 τῶν
307 828 499 910 καλουμένων
513 832 664 894 Αἰκικλῶν
676 827 709 896 τὸ
727 829 913 916 παράδειγμα
930 832 1044 914 ἔλαβεν,
1059 827 1156 914 ῶσπερ

140 929 255 992 οἴονταί
269 953 356 1009 τινες,
374 923 393 1010 ἢ
411 923 493 1011 παρὰ
510 933 562 1010 τῆς
577 923 741 1011 Ἀρδεατῶν
759 925 882 1008 πόλεως,
906 925 944 1005 ῶς
964 925 1072 1012 γράφει
1085 929 1155 992 Γέλ-

140 1032 212 1105 λιος,
235 1021 291 1090 ούκ
312 1026 368 1108 ἔχω
392 1026 496 1110 λέγειν.
523 1022 638 1108 ἀπόχρη
663 1027 696 1091 δέ
718 1053 767 1108 μοι
789 1032 911 1102 τοσοῦτο
934 1020 1029 1107 μόνον
1052 1029 1154 1107 εἰπεῖν,

141 1119 186 1185 ὅτι
207 1120 264 1206 πρὸ
287 1130 339 1206 τῆς
356 1121 449 1206 Νόμα
467 1120 560 1207 ἀρχῆς
578 1122 662 1188 ούπω
680 1121 713 1189 τὸ
731 1130 791 1188 τῶν
809 1126 1004 1208 εἰρηνοδικῶν
1022 1121 1155 1206 σύστημα

94 1287 98 1294 ,
139 1217 222 1303 παρῶ
240 1217 393 1304 Ῥωμαίοις
414 1215 463 1303 ἦν.
489 1220 682 1305 κατεστήσατο
706 1220 734 1287 δ’
760 1219 832 1288 αύτὸ
851 1218 966 1304 Νόμοις,
989 1219 1036 1287 ότε
1060 1224 1154 1304 Φιδη-
1170 1249 1196 1288 ιο

139 1316 242 1395 νύταις
263 1321 360 1402 ἔμελλε
382 1327 528 1402 πολεμεῖν.

231 1413 275 1481 17
283 1419 315 1482 δ’.
330 1422 418 1482 Dion.
429 1422 469 1481 II
477 1420 522 1481 76
532 1415 715 1500 Ἐτελεύτησε
730 1415 875 1500 [Νόμας],
888 1453 925 1464 -
938 1414 1043 1502 γενεὰν
1057 1453 1093 1463 -
1105 1444 1155 1482 κα-

139 1512 278 1597 ταλιπῶν,
302 1512 342 1593 ῶς
364 1516 418 1598 μέν
441 1519 472 1581 οἰ
492 1519 612 1593 πλείους
634 1514 818 1602 γράφουσιν,
841 1513 928 1593 υἱούς
949 1516 1083 1600 τέτταρας
1104 1518 1155 1581 καί

139 1614 291 1698 θυγατέρα
309 1617 390 1697 μίαν,
408 1608 452 1679 ῶν
469 1616 511 1680 ἔτι
524 1612 644 1691 σῶζεται
658 1612 694 1679 τὰ
712 1616 794 1699 γένη,
809 1609 849 1690 ῶς
868 1613 901 1677 δὲ
914 1614 1033 1691 Γέλλιος
1046 1620 1155 1691 Γναῖος

139 1714 251 1794 ίστορεῖ
272 1713 422 1796 θυγατέρα
450 1710 561 1796 μόνην,
591 1713 622 1790 έξ
648 1705 685 1796 ἧς
712 1714 825 1798 ἐγένετο
840 1712 950 1798 ’Ἀγκος
972 1710 1114 1797 Μύρκιος
1137 1711 1194 1779 ὅτε

138 1812 233 1893 τρίτος
254 1806 307 1873 ἄπ’
333 1810 448 1875 ἐκείνου
471 1808 631 1895 γενόμενος
648 1808 803 1893 Ῥωμαίων
825 1808 971 1894 βασιλεύς.

231 1901 312 1971 18*.
326 1910 451 1988 Dionys.
458 1911 562 1971 ΙΙΙΙῶ
575 1912 775 1994 Παρυγίνεται
790 1905 817 1972 δ’
830 1905 997 1990 εἰςῬῶμην
1009 1909 1155 1988 [Tarqui-

139 2011 210 2069 nius
229 2006 368 2086 Priscus]
381 2003 492 2089 ’Ἁγκου
506 2008 651 2089 Μαρκίου
669 2004 887 2089 βασιλεύοντος,
906 2003 946 2084 ῶς
964 2006 1018 2088 μέν
1036 2006 1155 2082 Γέλλιος

138 2106 255 2186 ἱστορεῖ,
278 2100 351 2167 κατὰ
373 2100 427 2168 τὸν
443 2110 561 2187 πρῶτον
580 2101 716 2169 ἐνιαυτόν
734 2110 786 2187 τῆς
803 2106 962 2187 βασιλείας,
985 2099 1025 2180 ῶς
1045 2102 1078 2167 δὲ
1096 2111 1152 2166 Λι-

138 2205 252 2278 κίννιος
273 2198 390 2285 γράφει,
413 2199 486 2266 κατὰ
508 2199 561 2266 τὸν
579 2200 697 2287 όγδοον.
720 2203 791 2266 έστω
811 2199 849 2284 δὴ
871 2199 945 2266 κατὰ
964 2207 1069 2267 τούτου
1088 2199 1153 2285 έλη-
1167 2226 1193 2268 εο

137 2295 240 2375 λυθῶς
260 2295 314 2364 τόν
336 2296 473 2364 ἐνιαυτὸν
495 2297 568 2364 καθ’
593 2296 630 2365 δν
652 2299 760 2384 γρύφει
777 2304 933 2376 Λικίννιος
958 2301 1015 2381 [fr.
1030 2301 1081 2380 8]‚
1103 2302 1154 2366 καί

138 2394 178 2479 μὴ
201 2394 356 2490 πρότερον·
385 2393 550 2486 ἐνδοτέρω
574 2398 629 2480 μέν
651 2396 707 2482 γὰρ
731 2393 786 2463 ούκ
809 2394 849 2462 ἂν
871 2400 916 2480 εἴη
939 2395 1035 2485 χρόνῳ
1058 2422 1152 2482 παρα·

137 2493 276 2579 γεγονῶς,
300 2498 358 2580 τύγε
381 2493 419 2578 δὴ
442 2493 516 2561 κατὰ
538 2493 591 2561 τὸν
613 2497 718 2560 ένατον
741 2492 877 2559 ἐνιαυτὸν
892 2494 952 2576 τῆς
966 2492 1079 2578 ’Ἁγκου
1103 2498 1154 2560 δυ-

137 2596 272 2670 ναστείας
293 2592 409 2658 ίπττέων
431 2589 596 2678 ἡγούμενος
619 2594 667 2657 έπλ
688 2589 740 2658 τὸν
762 2588 837 2676 πρὸς
855 2593 1006 2669 Λατίνους
1023 2591 1153 2676 πόλεμον

2 2719 8 2727 ·
136 2687 196 2756 ύπό
218 2698 271 2758 τοῦ
294 2692 437 2776 βασιλέως
458 2692 611 2774 πέμπεται,
633 2688 675 2769 ῶς
697 2685 859 2774 ύμφότεροι
877 2691 1012 2776 λέγουσιν
1031 2693 1063 2756 ot
1083 2711 1151 2775 συγ·
1166 2714 1192 2755 τε

137 2798 270 2872 γραφεῖς·

511 2892 565 2948 EX
582 2891 709 2948 LIBRO
728 2892 781 2948 IIII
1162 2931 1214 2980 496

229 2991 312 3061 19²⁸.
337 2999 424 3060 Ιλίοκ.
446 2998 491 3058 VI
504 2998 543 3057 11
571 2998 728 3072 Λικίννιος
751 2995 805 3077 μέν
826 2991 882 3079 γὰρ
903 2995 960 3075 [fr
974 2995 1026 3076 11]
1049 2993 1100 3057 καί
1123 2995 1215 3070 oli&

137 3093 204 3175 περὶ
226 3093 347 3158 Γέλλιον
369 3090 459 3158 οὐδέν
481 3090 649 3174 ἐξητακότες
676 3090 744 3156 ούτε
765 3098 825 3156 τῶν
851 3089 973 3156 εἰκότων
1000 3089 1066 3155 ούτε
1093 3095 1153 3153 τῶν

138 3193 276 3255 δυνατῶν
298 3186 390 3254 αύτδν
412 3186 562 3274 εἰσάγουσι
579 3187 632 3255 τὸν
650 3189 771 3272 βασιλέα
791 3185 960 3274 Ταρκύνιον
980 3189 1024 3269 [in
1043 3208 1152 3268 ρκρκο

137 3288 319 3367 Ιίορίίίοκει]
335 3282 552 3370 ἀγωνιζόμενον
566 3283 615 3368 ἐφ’
631 3289 725 3351 ίππου
738 3286 789 3350 καί
802 3284 1041 3370 τιτρωσκόμενον,
1055 3283 1152 3366 ἄνδρα
1165 3317 1192 3358 μ)

137 3382 314 3466 ἐνενήκοντα
336 3385 409 3448 ἔτεσι
430 3381 625 3469 προσάγοντα.
638 3381 703 3468 (cf.
718 3390 779 3450 Pis.
791 3386 834 3464 fr.
851 3389 893 3448 15
902 3407 933 3466 p.
948 3380 1018 3470 80.)

228 3479 314 3546 20³³.
338 3485 426 3547 Bion.
448 3485 511 3545 VII
520 3485 539 3544 1
565 3487 663 3546 Ταῦτα
682 3480 805 3564 [σπόνιν
827 3480 951 3567 ἰσχυρὰν
967 3480 1022 3566 τὴν
1035 3473 1215 3563 Ῥῶμηνὲλῗ

137 3579 305 3664 κατασχεῖν]
324 3575 344 3662 ἡ
362 3577 458 3664 βουλὴ
477 3586 617 3662 μαθοῦσα
634 3581 770 3665 πρέσβεις
789 3580 928 3664 διέπεμπε
945 3577 1021 3664 πρὸς
1036 3563 1212 3663 Τυρρη-262
