2614 4056
193 220 260 288 362
340 219 646 278 ASOLEPIODOTVS.
679 222 863 279 avaitmvs
882 223 1067 282 FESTIVVS.

1286 297 1287 328 l

192 374 276 453 petit.
301 367 413 446 uirtme
437 371 605 433 laciendum
628 368 674 433 est
697 373 843 452 quidquid
861 375 893 434 in
914 372 1006 439 rebus
1024 372 1139 435 bellicis
1162 382 1212 437 est
1286 343 1287 412 A

192 461 366 542 gerendum.
384 460 566 522 deditionem
580 479 675 523 meam
689 463 776 543 petis,
792 464 877 543 quasi
891 464 1006 524 nescias
1022 462 1211 541 Cleopatram

192 553 325 630 reginam
347 551 448 630 perire
467 549 606 612 maluisse
625 569 714 632 qoam
732 553 763 611 in
782 550 915 631 qualibet
932 554 1036 612 uiuere
1056 552 1210 632 dignitate.

193 640 280 701 nobis
304 638 464 700 Persarum
486 639 594 701 auxilia
616 657 677 700 non
700 640 822 721 desunt,
851 659 926 720 quae
954 643 1012 702 iam
1040 657 1207 721 speramus,

192 747 247 808 pro
266 727 352 789 nohis
371 735 442 789 sunt
460 727 609 809 Saraceni,
632 747 686 808 pro
705 729 792 790 nobis
812 731 953 791 Armenii.
989 729 1120 791 latrones
1139 729 1238 810 Syris

191 819 356 878 exercitum
387 825 485 898 tuum,
512 817 683 899 Aureliane,
707 820 859 881 uicerunt:
883 819 961 897 quod
986 821 1012 879 si
1039 821 1130 899 igitur
1157 818 1210 880 illa

191 907 310 967 uenerit
323 924 429 968 manus
444 924 520 985 quae
534 906 668 986 undique
683 915 829 987 speratur,
843 925 936 987 pones
951 907 1084 987 prolecto
1100 926 1209 987 super·

189 994 301 1069 cilium,
316 1012 374 1075 quo
394 1013 473 1056 nunc
493 993 565 1056 mihi
584 996 773 1077 deditionem,
792 997 878 1075 quasi
896 996 1081 1058 omnifariam
1098 999 1209 1078 uictor,

193 1079 346 1164 imperas'.
383 1083 466 1145 Hanc
494 1084 651 1164 epistulam
674 1083 871 1154 Nicomachus
900 1102 931 1146 se
959 1077 1149 1147 transtulisse
1173 1089 1206 1148 in

189 1172 337 1236 Graccum
351 1191 387 1234 ex
403 1172 504 1253 lingua
519 1173 662 1254 Syrorum
681 1174 754 1235 dicit
772 1173 893 1254 abipsa
907 1172 1036 1236 Zenobia
1055 1174 1206 1238 dictatam.
1222 1202 1252 1244 ao

488 1380 910 1469 usuuermoorvs

566 1529 827 1586 FRAGMENTVM

281 1638 309 1704 l.
339 1644 454 1721 Vopisc.
469 1645 544 1706 Aur.
559 1644 649 1720 44st
672 1642 857 1705 Verconnius
880 1643 1097 1728 Herennianus,
1119 1663 1207 1726 prac-

188 1733 285 1795 lectus
304 1736 447 1813 praetorii
460 1732 643 1814 Diocletiani,
661 1741 737 1794 teste
752 1731 961 1812 Asclepiodoto
980 1752 1069 1814 saepe
1087 1735 1207 1798 dicebat

189 1820 403 1884 Diocletianum
418 1824 591 1903 frequenter
609 1822 729 1903 dixisse,
743 1841 812 1885 cum
826 1821 995 1886 Maximiani
1013 1827 1206 1904 asperitatem

187 1910 432 1993 reprehenderet,
445 1910 637 1973 Aurelianum
651 1913 745 1990 magis
759 1911 866 1974 ducem
881 1931 947 1974 csse
961 1913 1101 1975 debuisse
1116 1933 1207 1995 mam

187 2001 364 2079 prinoipem.
400 2019 469 2062 nam
498 2003 563 2062 eius
595 2002 685 2061 nimia
717 2001 857 2063 lenocitas
891 2004 988 2064 eidem
1019 2002 1204 2082 displicebat.
1219 2031 1247 2072 15

186 2086 322 2150 Mirabile
336 2089 462 2151 lortasse
481 2089 603 2151 uidetur
617 2090 697 2168 quod
716 2098 892 2171 conpertum
907 2090 1090 2153 Diocletiano
1103 2083 1205 2154 Ascle·

187 2178 326 2257 piodotus
356 2177 472 2239 Celsino
501 2176 669 2240 consiliario
702 2197 757 2241 suo
780 2180 891 2242 dixisse
914 2179 1064 2261 perhibet,
1088 2181 1142 2242 sed
1165 2182 1203 2243 de
1286 2229 1287 2274 ,

186 2265 245 2327 boc
276 2268 391 2345 posteri
422 2266 604 2328 iudicabunt.
646 2267 765 2330 dicebat
795 2272 876 2330 enim
908 2269 1036 2349 quodam
1067 2278 1203 2349 tempore
1286 2279 1287 2311 l

186 2354 381 2415 Aurelianum
410 2353 573 2416 Gallicanas
606 2357 792 2419 consuluisse
824 2358 963 2438 dryadas,
991 2360 1202 2439 sciscitantem,

186 2449 288 2503 uuum
298 2443 376 2522 apud
388 2445 453 2505 eius
467 2451 604 2522 posteros
614 2447 772 2526 imperium
781 2456 978 2526 permaneret.
997 2453 1061 2507 tum
1074 2446 1140 2508 illas
1154 2465 1202 2508 re·
1217 2475 1248 2515 ιο

185 2529 342 2610 spondisse
361 2532 445 2614 dixit,
463 2532 575 2595 nullius
593 2535 702 2597 clarius
720 2538 752 2596 in
770 2553 803 2596 re
818 2555 846 2616 p.
861 2551 969 2595 nomen
983 2552 1073 2614 quam
1086 2535 1204 2598 Claudii

185 2627 376 2698 posterorum
399 2622 543 2684 laturum.

424 2803 684 2892 Avianius
716 2801 993 2889 resilivit

376 2950 637 3009 resmuonrvu
667 2950 715 3007 nr
748 2949 1009 3012 ruaounnrru

276 3059 310 3129 l.
331 3068 504 3146 Vop.Firm.
517 3065 574 3140 c,1
592 3062 671 3125 llaec
686 3082 741 3125 nos
755 3062 792 3126 de
806 3063 907 3127 Firmo
926 3069 1103 3148 cognouisse
1122 3070 1201 3131 scire

182 3155 324 3237 debuisti,
338 3155 390 3218 sed
405 3156 494 3235 digna
511 3160 685 3215 memoratu.
708 3171 777 3216 nam
792 3173 835 3236 ea,
849 3174 925 3236 quae
940 3156 1047 3219 deillo
1061 3157 1201 3220 Aurelius
1244 3207 1248 3214 .

182 3242 323 3308 Festinus
330 3241 790 3324 libertusAurelianisingillatim
797 3244 950 3327 rettulitsi
957 3248 1200 3329 uiscognoscere,
1216 3270 1244 3312 ss

182 3333 311 3395 eundem
322 3341 439 3414 oportet
448 3331 669 3414 legas,maxime
678 3334 833 3396 cumdicat
841 3333 974 3397 Firmum
984 3335 1113 3398 eundem
1122 3337 1202 3397 inter
1286 3337 1287 3344 ³

183 3420 370 3503 crocodillos,
390 3429 515 3484 unctum
533 3421 762 3485 crocodillorum
785 3423 930 3505 adipibus,
957 3434 1075 3486 natasse
1094 3433 1124 3486 et
1143 3423 1201 3486 ele-

184 3507 329 3587 phantum
356 3512 471 3573 rexisse
495 3521 525 3574 ct
548 3511 758 3592 hippopotamo
787 3513 901 3574 sedisse
924 3520 956 3575 et
978 3514 1132 3575 sedentem
1155 3516 1199 3576 in-

182 3597 323 3676 gentibus
346 3599 545 3662 strutionibus
567 3609 688 3664 uectum
712 3617 778 3663 esse
800 3609 831 3662 et
854 3603 939 3682 quasi
962 3602 1112 3665 uolitasse.
1142 3613 1143 3618 ’
