2614 4056
124 237 325 296 CAELESTIN
328 239 381 295 VS.
392 239 546 294 PALTVR.
558 238 662 295 sunl.
676 239 797 296 IVLIVS
815 237 1059 295 ATHERIANVS.
1074 238 1138 314 3573

123 387 221 450 locum
241 389 396 450 fortissimi
415 391 474 450 uiri
489 406 607 468 semper
626 388 713 451 electi
733 396 811 470 sunt,
831 397 864 450 ut
878 388 928 449 uel
947 395 1138 450 senescentes

123 478 248 540 familias
280 478 329 539 uel
363 479 441 540 letus
475 480 672 539 matrimoniis
705 480 762 539 iam
796 479 924 540 caducos
960 477 1138 539 substitutae

102 598 105 604 ι
122 567 290 629 fecunditas
313 566 407 646 prolis
430 574 558 628 ornaret.
582 567 639 628 hoc
659 568 759 649 igitur,
778 567 856 647 quod
877 565 1021 628 Cocceius
1039 565 1139 628 Nerua

123 659 154 716 in
177 655 304 716 Traiano
328 656 505 737 adoptando,
528 656 607 736 quod
631 655 735 736 leius
758 655 903 717 Traianus
926 657 957 716 in
980 654 1139 736 Hadriano,

124 744 202 825 quod
226 743 393 808 Hadrianus
416 748 447 806 in
471 747 620 806 Antonino
644 753 674 805 et
702 748 795 806 ceteri
823 745 964 823 deinceps
987 739 1166 824 propositas

125 836 315 914 suggestione
338 835 488 915 lecerunt,
512 837 543 895 in
567 834 735 914 adrogando
759 833 931 914 Aureliano,
955 852 1043 912 quem
1068 834 1140 894 milri

123 924 269 985 uicarium
289 924 393 985 iudicii
411 926 457 985 tui
475 925 652 985 auctoritate
671 924 782 1004 iecisti,
801 923 905 984 censui
924 941 989 983 esse
1009 923 1139 983 releren-

123 1012 202 1073 dum.
226 1012 296 1075 iube
319 1015 421 1095 igitur,
444 1020 478 1074 ut
500 1012 566 1092 lege
589 1020 708 1093 agatur,
731 1015 828 1092 sitque
852 1010 1028 1074 Aurelianus
1051 1011 1139 1072 heros

123 1119 276 1162 sacrorum
296 1103 425 1163 nominis
444 1094 640 1163 othonorum
660 1103 812 1181 tellusque
831 1103 906 1162 iuris
924 1099 1009 1179 leio
1024 1098 1138 1160 Crinito

122 1191 180 1250 iam
199 1190 349 1251 consulari
362 1193 429 1251 uiro
448 1193 512 1270 ipse
532 1197 667 1251 actutum
684 1197 714 1250 te
733 1191 830 1252 iudice
850 1185 1039 1252 consularIs'.
1062 1189 1137 1250 Lon·
1153 1211 1179 1251 10

122 1297 193 1358 gum
221 1287 267 1340 est
294 1288 400 1341 cuncta
428 1288 593 1358 pertexere.
631 1297 698 1340 nam
729 1286 759 1340 et
786 1288 867 1341 actae
892 1285 962 1340 sunt
985 1278 1098 1340 Crinito
1122 1296 1138 1338 a

121 1365 276 1428 Valeriano
300 1371 419 1450 gratiae,
444 1376 474 1429 et
496 1367 624 1450 adoptio,
647 1375 682 1428 ut
705 1367 826 1452 solebat,
849 1368 978 1448 impleta.

451 1553 803 1654 CAELESTINVS

501 1716 760 1773 assensurum

213 1823 245 1890 l.
273 1829 358 1892 Tred.
374 1832 446 1891 Poll.
469 1831 532 1892 Vol.
551 1830 613 1906 e,1
641 1829 812 1892 Valerianus
835 1833 934 1892 iunior
951 1864 995 1873 —
1014 1849 1031 1890 a
1053 1838 1137 1908 patre

121 1917 243 1978 absente
263 1917 370 1979 Caesar
389 1926 435 1980 est
454 1918 627 1999 appellatus,
645 1937 661 1979 a
681 1920 781 2000 fratre,
800 1928 835 1980 ut
853 1919 1037 1980 Caelestinus
1057 1919 1138 1999 dicit,

72 2095 75 2103 Ι
121 2007 283 2084 atrgustus.
308 2001 362 2088 (cs.
380 2008 455 2068 carr.
470 2007 521 2082 aa,
537 2003 580 2088 o.)
1151 2031 1177 2071 15

396 2178 689 2266 PALTVRIVS
723 2177 857 2265 SVRA

499 2326 755 2384 TESTIMONIVM

87 2435 120 2506 l.
148 2442 233 2502 Treb.
248 2445 322 2504 Poll.
341 2444 416 2504 Gall.
430 2443 479 2517 18,
497 2442 518 2501 6
541 2441 675 2522 Longum
695 2451 740 2504 est
759 2445 823 2503 eius
845 2438 1004 2524 [Gatheai]
1029 2450 1138 2504 cuncta

121 2531 153 2590 in
180 2529 296 2591 litteras
323 2533 451 2612 mittere,
476 2549 551 2610 quae
575 2534 625 2610 qui
649 2531 731 2593 uolet
753 2533 845 2613 scire,
873 2529 951 2608 legat
974 2529 1137 2592 Palfurium

122 2617 237 2699 Suram,
261 2621 313 2697 qui
336 2619 542 2698 ephemeridas
565 2622 630 2682 eius
654 2622 732 2681 uitae
757 2621 933 2698 composuit.

360 2808 530 2905 iunius
563 2817 899 2932 ausonianas

500 2965 762 3022 FRAGMENTVM

211 3075 243 3142 l.
262 3081 428 3142 Tred.Poll.
442 3084 512 3155 trip.
524 3088 583 3157 tyr.
596 3080 625 3156 6,
639 3079 750 3140 58atis
760 3078 974 3142 credimusluli
983 3079 1137 3142 Atheriani

119 3177 235 3246 partem
264 3169 333 3230 libri
361 3168 514 3230 oqusdam
543 3186 667 3248 ponere,
696 3171 725 3229 io
764 3187 823 3248 quo
852 3169 889 3229 dc
917 3167 1068 3229 Victorino
1093 3171 1136 3230 sie
1150 3194 1176 3236 ao
1230 3223 1233 3236 .

120 3254 265 3336 loquitur:
299 3254 481 3337 ‘Victorino,
509 3259 562 3337 qui
584 3256 692 3317 Gallias
718 3267 786 3338 post
809 3257 916 3319 lulium
940 3257 1135 3318 Posthumum

120 3347 206 3426 rexit,
230 3349 379 3408 nemmem
403 3348 526 3408 aestimo
550 3346 786 3429 praeterendum,
806 3366 866 3408 non
884 3349 915 3407 in
933 3349 1046 3408 uirtute
1065 3346 1135 3408 Tra-

120 3435 230 3515 ianum,
254 3454 312 3496 non
332 3436 515 3496 Antoninum
533 3435 565 3494 in
585 3432 751 3517 clementia,
769 3454 828 3497 non
848 3439 879 3496 in
898 3437 1044 3514 grauitate
1062 3435 1135 3497 Ner·

120 3540 202 3605 uam,
230 3541 289 3584 non
321 3525 354 3584 in
385 3521 577 3603 gubernando
611 3525 725 3583 aerario
755 3523 978 3606 Vespasianum,
1010 3543 1070 3585 non
1103 3526 1135 3585 in

120 3628 246 3673 censura
270 3614 362 3674 totius
386 3615 465 3674 uitae
489 3631 523 3674 ac
547 3613 706 3674 seueritate
732 3612 854 3675 militari
875 3612 1062 3675 Pertinacem
1084 3612 1134 3674 uel
1148 3619 1179 3675 rs
